2044 3457
483 185 1359 240 nATuztxtrnEu.
1542 193 1603 246 c,

255 273 532 340 Ingratum
551 273 743 322 tremuli
763 271 876 322 tolle
896 275 1101 337 parentis
1126 290 1262 322 onus.

180 337 308 396 Nec
329 354 501 388 tamen
523 339 606 389 illa
627 339 748 394 mihi
776 337 940 386 dextra
966 336 1161 386 deduaa
1210 349 1372 387 aterna

258 407 587 468 Fragrantem
605 400 796 465 Assytio
819 403 952 450 venit
983 401 1130 450 odore
1189 419 1355 451 omum
1368 421 1387 464 ὅ

185 466 288 518 Sed
324 467 515 516 furtiva
535 466 669 516 dedit
700 463 820 515 mit&
847 466 1127 515 munuscula
1154 468 1288 516 noete
1305 499 1324 527 ,

261 530 420 597 Ipfius
449 549 504 581 ex
531 531 638 596 ipso
663 530 858 596 dempta
885 533 980 579 viri
1009 532 1211 596 gremio.

185 596 368 660 Quare
390 595 514 645 illud
539 593 772 654 satis'est,
797 592 829 642 fi
857 595 993 644 nobis
1024 599 1063 643 is
1088 594 1227 644 datur
1254 595 1359 644 unis
1372 627 1392 655 ,

266 666 442 722 Quem
461 659 615 724 lapide
643 659 728 708 illa
745 659 874 708 diem
893 659 1169 709 candidiore
1196 672 1352 708 notat.

193 727 314 775 Hoc
339 725 436 772 tibi
453 758 470 783 ,
501 723 632 790 quod
655 727 791 789 notui
809 757 825 783 ‚
847 722 1113 773 confeflmm
1132 727 1339 773 carmine
1365 735 1533 773 munus

189 791 206 803 ²
235 793 242 796 ”
265 793 370 837 Pro
391 788 557 837 multis
587 788 692 837 aliis
719 787 934 837 redditur
961 786 1163 849 officiis3
1403 813 1407 818 -

195 853 281 901 Ne
312 853 532 902 vostrum
557 854 720 902 scabra
749 867 912 918 tangat
941 854 1158 920 robigine
1181 867 1359 902 nomen
1508 899 1513 906 ,

265 920 421 978 Haec'‚
443 931 586 984 atque
605 917 687 967 illa
708 915 838 976 dies,
869 932 1010 982 atque
1042 919 1135 966 alia
1150 951 1167 977 ,
1194 932 1336 982 atque
1354 915 1465 968 alia.

195 983 312 1040 Huc
340 981 521 1032 addent
549 985 666 1032 Divi
693 981 1047 1048 quamplurima
1060 1016 1077 1040 ‚
1118 997 1221 1048 quae
1248 984 1447 1032 Themis
1478 977 1598 1034 olim

251 1049 502 1112 ·Antiquis
525 1047 666 1097 solita
692 1047 757 1096 est
776 1062 974 1094 munera
1005 1045 1125 1094 ferre
1154 1048 1261 1110 piis.

195 1108 317 1160 Sitis
338 1110 530 1170 felices,
556 1115 605 1161 &
631 1125 688 1160 tu
715 1109 852 1160 fimul
867 1143 884 1170 ,
921 1115 970 1160 &
1001 1125 1084 1159 tua
1110 1112 1245 1168 vita,

269 1177 334 1224 Et
359 1173 532 1224 domus
554 1175 684 1240 ipsa,
707 1177 758 1223 in
780 1191 874 1240 qua
895 1173 1086 1224 lufimus
1101 1208 1119 1234 ,
1146 1177 1194 1224 &
1216 1172 1432 1226 domina.

201 1241 266 1286 Et
295 1242 384 1304 qui
413 1241 650 1304 principio
677 1241 816 1288 nobis
839 1246 1015 1290 tetram
1039 1235 1202 1297 dedit,
1232 1235 1372 1289 offert
1388 1272 1405 1298 ,

277 1306 324 1349 A
345 1317 447 1367 quo
473 1303 580 1351 sunt
605 1304 764 1367 primo
791 1305 955 1351 omnia
983 1317 1096 1351 nata
1113 1303 1273 1362 bona;

198 1368 272 1416 Et
297 1363 443 1430 longe
468 1381 576 1415 ante
597 1382 762 1415 omnes
787 1367 911 1414 mihi
944 1383 1049 1432 quae
1076 1382 1153 1414 me
1178 1366 1333 1414 carior
1350 1364 1455 1430 ipso
1472 1363 1539 1414 est

276 1433 387 1479 Lux
409 1445 547 1491 mea,
578 1446 674 1496 qua
695 1433 808 1482 viva
839 1432 1000 1481 vivere
1028 1429 1163 1481 dulce
1188 1431 1313 1480 mihi
1342 1429 1421 1478 est.

211 1571 1587 1607 Ἥ

211 1613 1583 1640 ----——-—-———-—-—---·--—-—-——

758 1707 1030 1754 Lxlv.

647 1834 738 1903 ξπ
803 1816 1153 1882 Rufum.

368 1957 414 2007 O
429 1970 488 2005 ιι
520 1954 747 2004 admirati
761 1989 778 2016 ,
803 1966 949 2022 quare
968 1956 1058 2005 ribi
1081 1955 1258 2007 femina
1275 1957 1403 2007 nulla
1414 1992 1434 2020 ,

418 2018 572 2081 Rufe,
597 2018 716 2071 velit
737 2035 954 2072 tenerum
972 2018 1259 2087 supposuisse
1288 2022 1459 2075 femur.

215 2090 328 2138 Non
348 2084 381 2135 fi
407 2084 543 2134 illam
573 2100 687 2134 ratae
714 2083 956 2135 labefaaes
977 2086 1169 2137 munere
1198 2086 1335 2139 vestis
1348 2122 1366 2147 ,

195 2184 200 2187 -
278 2154 374 2200 Aut
387 2149 672 2216 perluciduli
699 2149 884 2199 deliciis
905 2150 1091 2215 lapidis.

217 2214 366 2267 Laedit
392 2230 438 2264 te
493 2212 677 2263 uaedam
705 2214 831 2263 mala
859 2214 1050 2276 fabula,
1080 2232 1175 2283 qua
1201 2216 1292 2267 tibi
1326 2214 1474 2267 fertur

277 2280 405 2330 Valle
428 2281 480 2327 su
539 2278 723 2329 alarum
749 2294 856 2329 trux
884 2281 1101 2329 habitare
1128 2298 1281 2347 caper.
1538 2318 1541 2321 -

216 2348 350 2398 Hunc
377 2356 595 2457 mergunt
627 2360 830 2406 omnes3
863 2360 1012 2411 neque
1047 2347 1227 2397 mirum
1256 2362 1271 2393 ε
1316 2360 1433 2397 nam
1461 2360 1541 2397 ma

277 2408 785 2531 Bestigffnsscestuicum
813 2472 936 2523 bella
961 2470 1117 2537 puella
1138 2474 1295 2525 cubet.

221 2537 375 2604 Quare
399 2549 480 2587 aut
503 2550 586 2584 ctu
619 2537 739 2585 elem
763 2538 987 2587 nasorum
1011 2535 1226 2586 interfice
1247 2538 1449 2605 pestem,

261 2601 380 2653 Ἀιιε
405 2597 632 2657 admirari
655 2598 835 2667 denne,
863 2616 946 2657 cur
973 2600 1185 2679 fugiunt.
1264 2660 1267 2665 ,
