2044 3457
509 201 573 248 24
744 183 1630 240 cAruttrzxnzu

511 278 690 324 Omnes
711 271 860 338 pusilli
877 307 893 334 ,
917 278 966 325 δε
987 275 1219 324 semitarii
1238 276 1447 324 machi:
1514 305 1519 310 ·

508 343 588 387 Tu
609 351 774 403 prater
793 342 978 388 omneis
1005 355 1097 388 une
1114 339 1174 390 de
1193 339 1425 406 capillatis

508 401 807 452 Cuniculosae
824 402 1094 452 Celtiberiae
1110 437 1127 462 ,
1156 401 1226 452 fili

511 469 714 534 Egnati,
743 484 890 532 opaca
909 484 1054 533 quem
1072 470 1253 518 bonum
1272 465 1387 518 facit
1408 468 1585 529 barba,

507 536 570 584 Et
591 530 703 597 dene
729 533 906 583 Hibera
931 531 1187 582 defricatus
1215 534 1369 582 urina.

1054 809 1341 858 XXXV.

738 927 852 975 Afi
919 922 1629 977 conmrxcxuu.

681 1060 728 1106 A
743 1071 770 1103 ι
785 1071 811 1104 n
841 1055 908 1105 est
924 1089 942 1116 ,
973 1051 1206 1106 Cornifici
1224 1090 1241 1118 ,
1273 1069 1361 1108 tuo
1388 1055 1584 1107 Catullo
1596 1090 1615 1116 ,

687 1121 815 1170 Male
841 1121 905 1170 est
921 1155 937 1181 ,
967 1121 1220 1171 m'hercule
1236 1156 1254 1182 ‚
1286 1127 1337 1172 δι
1363 1119 1626 1180 laboriose,

509 1187 570 1234 Et
588 1189 740 1252 magis
757 1188 908 1252 magis
929 1188 980 1234 in
997 1185 1098 1234 dies
1114 1219 1132 1245 ‚
1162 1191 1213 1236 δι
1230 1187 1373 1236 horas

506 1250 692 1300 Irascor
711 1250 802 1299 tibi
816 1267 830 1296 z
853 1248 914 1299 fic
937 1267 1070 1299 meos
1096 1259 1312 1299 amores?

559 1394 620 1426 ua
651 1313 1639 1428 sdEtuzusssdaffiffiltfffflge’faCsshmmnqoe
1656 1312 1759 1378 est,
1826 1383 1833 1389 ”

507 1442 706 1490 Paulum
723 1441 970 1506 quidlubet
991 1443 1311 1492 adlocutionis

509 1506 725 1557 Moestius
751 1506 970 1570 lacrymis
992 1506 1292 1559 Simonideis.
1346 1547 1357 1558 .

1029 1781 1365 1831 xxxvl.

829 1886 943 1935 An
1009 1888 1535 1939 Eorta-riou.

507 2020 613 2139 E
628 2021 673 2067 G
687 2034 721 2065 n
737 2028 770 2065 Α
785 2031 818 2064 τ
835 2034 854 2065 x
869 2031 907 2066 u
923 2031 947 2067 s
976 2013 1108 2081 quod
1126 2018 1353 2067 candidos
1374 2018 1517 2067 habet
1538 2010 1717 2065 denteis
1734 2047 1752 2075 ‚

638 2079 844 2141 Renidet
859 2080 1226 2147 usquequaque3
1256 2082 1333 2130 seu
1356 2082 1418 2131 ad
1446 2084 1513 2130 rei
1542 2095 1737 2137 ventum
1763 2076 1831 2133 est

507 2146 819 2204 Subsellium,
849 2161 1000 2210 quum
1019 2160 1185 2196 orator
1209 2150 1383 2195 excitat
1408 2143 1575 2207 fletum
1588 2178 1607 2205 ,

507 2209 716 2262 Renidet
734 2208 845 2270 ille3
869 2210 948 2258 seu
972 2212 1043 2275 pii
1066 2209 1128 2260 ad
1155 2227 1326 2277 rogum
1353 2208 1419 2260 fili

507 2279 722 2341 Lugetur
733 2307 751 2334 ‚
772 2276 889 2323 orba
906 2291 1016 2323 cum
1034 2272 1117 2324 flet
1136 2278 1330 2324 unicum
1356 2290 1509 2324 mater
1522 2308 1541 2335 ,

507 2339 719 2390 Renidet
745 2338 823 2387 ille
841 2355 857 2385 z
889 2338 1117 2405 quicquid
1142 2338 1205 2387 est
1219 2373 1237 2398 ,
1261 2342 1527 2405 ubicunque
1542 2338 1607 2388 est
1621 2370 1639 2398 ‚

503 2403 859 2469 Quodcumque
885 2406 984 2469 agit
996 2438 1013 2463 ,
1037 2403 1247 2452 renidet:
1270 2406 1396 2453 hunc
1414 2404 1556 2453 habet
1576 2402 1802 2452 morbum
1814 2412 1840 2463 2·

507 2470 678 2534 Neque
699 2467 958 2534 elegantem
973 2501 990 2529 ,
1024 2483 1078 2517 ut
1100 2469 1305 2518 arbitror
1320 2501 1337 2527 ‚
1364 2484 1515 2533 neque
1537 2470 1789 2519 urbanum.

509 2536 671 2596 Quare
696 2531 959 2583 monendus
977 2550 1025 2581 es
1050 2534 1173 2582 mihi
1192 2568 1209 2592 ,
1240 2534 1363 2581 bone
1386 2533 1591 2598 Egnati,

507 2601 559 2674 Si
584 2599 784 2659 urbanus
808 2592 920 2651 effes
933 2631 953 2664 2
981 2613 1065 2682 aut
1083 2598 1278 2653 Sabinus
1290 2630 1317 2684 ³.
1338 2612 1421 2651 aut
1441 2598 1645 2660 Tiburs,
1785 2660 1898 2713 Mt
