2044 3457
436 185 1025 250 οΑτυιιιι

147 289 303 336 Stare
329 279 420 335 flos
437 285 807 349 Hyacinthinus.

148 352 257 400 secl
281 353 487 418 moratis
500 385 518 410 ,
541 352 645 399 abit
665 350 766 401 dies
780 371 800 417 3

151 417 375 466 Prodeas
389 450 408 477 ‚
430 431 560 466 nova
572 431 738 480 nupta.

225 521 435 572 Prodeas
452 557 469 583 ‚
493 539 622 584 nova
642 539 790 588 nupta
807 559 824 586 ,
850 521 903 574 sis
919 543 935 575 ε

151 593 175 642 ί
195 591 315 636 Jam
336 588 558 644 videtur)
582 593 631 637 ὅ(
651 587 813 638 audias

147 652 342 701 Nostra
361 655 524 701 verba.
556 651 677 700 Vide
693 686 709 712 ‚
733 669 786 702 ut
803 653 923 708 faces

147 721 347 764 Auteas
368 718 590 781 quatiunt
607 733 794 767 comas:

147 778 366 830 Prodeas
380 812 398 840 ‚
423 795 552 830 nova
573 796 738 846 nupta.

219 887 273 934 N
274 901 342 934 on
362 899 469 937 tuus
489 887 605 937 levis
625 889 676 936 in
697 889 824 938 mala

148 949 368 1000 Deditus
391 955 467 1001 vir
480 951 693 1002 adultera
707 988 722 1012 ,

149 1022 170 1070 (
187 1017 422 1064 Piocatur
441 1020 520 1082 pia
537 1019 810 1084 persequens
827 1026 844 1077 )

148 1083 201 1128 A
227 1082 326 1128 tuis
346 1085 517 1130 tenetis
537 1082 670 1132 volet

146 1145 385 1194 Secubare
407 1145 608 1212 papillis.

216 1254 374 1302 Lenta
396 1257 480 1318 qui
501 1253 633 1304 velut
652 1255 818 1306 adfitaa

127 1316 283 1364 -vitis
304 1319 523 1380 implicat
543 1320 730 1368 arbores
745 1354 763 1378 ,

149 1379 490 1444 Implicabitut
509 1383 564 1429 in
583 1396 722 1430 tuum

151 1443 504 1509 complexum:
529 1445 607 1495 sed
628 1448 728 1496 abit
747 1447 878 1510 ἀίεις

151 1507 356 1558 Prodeas
368 1544 387 1570 ,
409 1525 538 1561 nova
553 1525 718 1576 nupta.

213 1625 260 1671 Ο
285 1622 424 1672 beata
438 1658 454 1683 ,
477 1639 564 1674 nec
585 1639 688 1674 atta
703 1628 826 1675 nox!

147 1689 194 1735 0
215 1684 368 1737 cubile
384 1723 401 1749 ,
425 1704 544 1755 quot
565 1691 786 1740 omnibus

148 1752 375 1801 Candido
396 1754 512 1818 pede
532 1754 710 1804 le&ulis
729 1757 742 1801 !

150 1816 239 1863 Sed
259 1821 462 1865 moraris
477 1834 492 1863 2
515 1820 616 1867 abit
636 1819 764 1879 dies·,

151 1878 351 1929 Prodeas
366 1914 382 1939 ,
407 1896 534 1931 nova
549 1898 713 1947 nupta.

216 1990 333 2049 Quae
353 1999 438 2033 tuo
459 1984 654 2033 veniunt
676 1984 793 2035 hero
808 2020 823 2045 ‚

151 2054 342 2114 Quanta
367 2046 570 2115 gaudia,
597 2064 698 2114 quae
722 2066 840 2117 νειμ

152 2116 298 2164 Noae
316 2148 330 2174 ,
353 2130 458 2179 quae
477 2110 634 2162 media
654 2114 731 2163 die

151 2179 364 2229 Gaudeat
385 2180 396 2225 ἱ
421 2176 498 2225 sed
520 2178 620 2225 abit
635 2177 768 2239 diesff,

149 2244 342 2295 Prodeas
354 2278 371 2304 ,
394 2258 521 2292 nova
536 2256 702 2307 nupta.

211 2340 384 2391 Tollite
398 2376 415 2402 ‚
437 2342 470 2393 ὃ
491 2347 653 2409 pueri,
676 2344 830 2410 faces,

147 2404 433 2455 Flammeum
453 2408 596 2459 video
616 2414 794 2463 venire.

148 2474 221 2518 Ite
239 2489 254 2529 3
275 2475 506 2521 concinite
528 2477 578 2522 in
597 2476 794 2527 modum
811 2511 831 2539 ,

149 2536 212 2581 10
231 2536 411 2595 Hymen
441 2542 690 2600 Hymenaee
711 2544 792 2602 io,

152 2598 212 2649 10
229 2601 408 2661 Hymen
421 2605 670 2667 Hymenaee
693 2608 760 2661 ὶο,

1052 197 1386 306 13Εἷκ.’

1496 193 1557 266 ᾼ
