<?xml version="1.0" encoding="UTF-8"?>
<!DOCTYPE html PUBLIC "-//W3C//DTD XHTML 1.0 Transitional//EN"
    "http://www.w3.org/TR/xhtml1/DTD/xhtml1-transitional.dtd">
<html xmlns="http://www.w3.org/1999/xhtml" xml:lang="en" lang="en">
 <head>
  <title>
</title>
<meta http-equiv="Content-Type" content="text/html;charset=utf-8" />
  <meta name='ocr-system' content='tesseract 3.04.00' />
  <meta name='ocr-capabilities' content='ocr_page ocr_carea ocr_par ocr_line ocrx_word'/>
</head>
<body>
  <div class='ocr_page' id='page_1' title='image "./catullusadoptim00catugoog_0090.png"; bbox 0 0 2044 3457; ppageno 0'>
   <div class='ocr_carea' id='block_1_1' title="bbox 490 180 1626 237">
    <p class='ocr_par' dir='ltr' id='par_1_1' title="bbox 490 180 1626 237">
     <span class='ocr_line' id='line_1_1' title="bbox 490 180 1626 237; baseline 0 -1"><span class='ocrx_word' id='word_1_1' title='bbox 490 196 552 237; x_wconf 67' lang='grc' dir='ltr'>σε</span> <span class='ocrx_word' id='word_1_2' title='bbox 732 180 1626 236; x_wconf 58' lang='lat' dir='ltr'>carvzzltlrtn.</span> 
     </span>
    </p>
   </div>
   <div class='ocr_carea' id='block_1_2' title="bbox 408 267 1912 1827">
    <p class='ocr_par' dir='ltr' id='par_1_2' title="bbox 408 267 1754 402">
     <span class='ocr_line' id='line_1_2' title="bbox 408 267 1676 342; baseline -0.005 -17"><span class='ocrx_word' id='word_1_3' title='bbox 408 325 415 332; x_wconf 80' lang='grc'><strong>,</strong></span> <span class='ocrx_word' id='word_1_4' title='bbox 487 271 710 342; x_wconf 81' lang='lat' dir='ltr'>Ignosces</span> <span class='ocrx_word' id='word_1_5' title='bbox 732 272 910 338; x_wconf 78' lang='lat' dir='ltr'>igitur,</span> <span class='ocrx_word' id='word_1_6' title='bbox 932 267 993 331; x_wconf 80' lang='lat' dir='ltr'>fi,</span> <span class='ocrx_word' id='word_1_7' title='bbox 1019 283 1125 335; x_wconf 78' lang='lat' dir='ltr'>quae</span> <span class='ocrx_word' id='word_1_8' title='bbox 1146 267 1271 317; x_wconf 81' lang='lat' dir='ltr'>mihi</span> <span class='ocrx_word' id='word_1_9' title='bbox 1289 267 1435 320; x_wconf 62' lang='lat' dir='ltr'>luctus</span> <span class='ocrx_word' id='word_1_10' title='bbox 1455 268 1676 330; x_wconf 84' lang='lat' dir='ltr'>ademit,</span> 
     </span>
     <span class='ocr_line' id='line_1_3' title="bbox 558 331 1754 402; baseline -0.003 -14"><span class='ocrx_word' id='word_1_11' title='bbox 558 342 671 388; x_wconf 67' lang='lat' dir='ltr'>Hac</span> <span class='ocrx_word' id='word_1_12' title='bbox 688 338 781 386; x_wconf 85' lang='lat' dir='ltr'>tibi</span> <span class='ocrx_word' id='word_1_13' title='bbox 802 351 903 386; x_wconf 85' lang='lat' dir='ltr'>non</span> <span class='ocrx_word' id='word_1_14' title='bbox 920 337 1086 384; x_wconf 83' lang='lat' dir='ltr'>tribuo</span> <span class='ocrx_word' id='word_1_15' title='bbox 1103 349 1302 384; x_wconf 85' lang='lat' dir='ltr'>munera</span> <span class='ocrx_word' id='word_1_16' title='bbox 1316 368 1333 394; x_wconf 87' lang='lat'><strong>,</strong></span> <span class='ocrx_word' id='word_1_17' title='bbox 1358 331 1508 400; x_wconf 78' lang='lat' dir='ltr'>qmlm</span> <span class='ocrx_word' id='word_1_18' title='bbox 1527 349 1754 402; x_wconf 81' lang='lat' dir='ltr'>nequeo.</span> 
     </span>
    </p>

    <p class='ocr_par' dir='ltr' id='par_1_3' title="bbox 488 397 1912 528">
     <span class='ocr_line' id='line_1_4' title="bbox 488 397 1912 466; baseline -0.004 -12"><span class='ocrx_word' id='word_1_19' title='bbox 488 405 623 454; x_wconf 76' lang='lat' dir='ltr'>Nam</span> <span class='ocrx_word' id='word_1_20' title='bbox 634 436 652 462; x_wconf 86' lang='lat'>,</span> <span class='ocrx_word' id='word_1_21' title='bbox 704 399 801 451; x_wconf 67' lang='lat' dir='ltr'>ubd</span> <span class='ocrx_word' id='word_1_22' title='bbox 816 403 906 450; x_wconf 88' lang='lat' dir='ltr'>scri</span> <span class='ocrx_word' id='word_1_23' title='bbox 938 415 1104 449; x_wconf 87' lang='lat' dir='ltr'>torum</span> <span class='ocrx_word' id='word_1_24' title='bbox 1117 416 1215 449; x_wconf 86' lang='lat' dir='ltr'>non</span> <span class='ocrx_word' id='word_1_25' title='bbox 1229 416 1402 466; x_wconf 79' lang='lat' dir='ltr'>magna</span> <span class='ocrx_word' id='word_1_26' title='bbox 1413 399 1477 448; x_wconf 87' lang='lat' dir='ltr'>est</span> <span class='ocrx_word' id='word_1_27' title='bbox 1489 404 1632 466; x_wconf 83' lang='lat' dir='ltr'>copia</span> <span class='ocrx_word' id='word_1_28' title='bbox 1647 397 1796 466; x_wconf 82' lang='lat' dir='ltr'>apud</span> <span class='ocrx_word' id='word_1_29' title='bbox 1813 416 1912 462; x_wconf 83' lang='lat' dir='ltr'>me,</span> 
     </span>
     <span class='ocr_line' id='line_1_5' title="bbox 556 463 1698 528; baseline 0 -12"><span class='ocrx_word' id='word_1_30' title='bbox 556 471 665 516; x_wconf 81' lang='lat' dir='ltr'>Hoc</span> <span class='ocrx_word' id='word_1_31' title='bbox 716 481 738 514; x_wconf 90' lang='lat' dir='ltr'>t</span> <span class='ocrx_word' id='word_1_32' title='bbox 752 500 769 526; x_wconf 91' lang='lat'>,</span> <span class='ocrx_word' id='word_1_33' title='bbox 820 481 853 514; x_wconf 87' lang='lat' dir='ltr'>u</span> <span class='ocrx_word' id='word_1_34' title='bbox 936 470 1110 514; x_wconf 78' lang='lat' dir='ltr'>Romae</span> <span class='ocrx_word' id='word_1_35' title='bbox 1119 466 1361 514; x_wconf 71' lang='lat' dir='ltr'>vivimus:</span> <span class='ocrx_word' id='word_1_36' title='bbox 1383 463 1467 513; x_wconf 83' lang='lat' dir='ltr'>illa</span> <span class='ocrx_word' id='word_1_37' title='bbox 1483 465 1662 516; x_wconf 77' lang='lat' dir='ltr'>domus</span> <span class='ocrx_word' id='word_1_38' title='bbox 1674 500 1698 528; x_wconf 85' lang='lat'>‚</span> 
     </span>
    </p>

    <p class='ocr_par' dir='ltr' id='par_1_4' title="bbox 490 529 1557 660">
     <span class='ocr_line' id='line_1_6' title="bbox 490 529 1535 594; baseline -0.002 -12"><span class='ocrx_word' id='word_1_39' title='bbox 490 531 581 584; x_wconf 82' lang='lat'>1112</span> <span class='ocrx_word' id='word_1_40' title='bbox 602 532 725 580; x_wconf 84' lang='lat' dir='ltr'>mihi</span> <span class='ocrx_word' id='word_1_41' title='bbox 744 533 789 578; x_wconf 85' lang='lat' dir='ltr'>se</span> <span class='ocrx_word' id='word_1_42' title='bbox 823 547 871 580; x_wconf 83' lang='lat' dir='ltr'>es</span> <span class='ocrx_word' id='word_1_43' title='bbox 883 564 901 589; x_wconf 90' lang='lat'><strong>,</strong></span> <span class='ocrx_word' id='word_1_44' title='bbox 924 529 1024 579; x_wconf 82' lang='lat' dir='ltr'>illic</span> <span class='ocrx_word' id='word_1_45' title='bbox 1045 545 1153 578; x_wconf 86' lang='lat' dir='ltr'>mea</span> <span class='ocrx_word' id='word_1_46' title='bbox 1169 531 1378 594; x_wconf 81' lang='lat' dir='ltr'>carpitur</span> <span class='ocrx_word' id='word_1_47' title='bbox 1389 544 1535 590; x_wconf 78' lang='lat' dir='ltr'>aetas3</span> 
     </span>
     <span class='ocr_line' id='line_1_7' title="bbox 558 593 1557 660; baseline -0.001 -15"><span class='ocrx_word' id='word_1_48' title='bbox 558 599 665 645; x_wconf 82' lang='lat' dir='ltr'>Huc</span> <span class='ocrx_word' id='word_1_49' title='bbox 686 611 781 645; x_wconf 85' lang='lat' dir='ltr'>una</span> <span class='ocrx_word' id='word_1_50' title='bbox 800 593 825 644; x_wconf 83' lang='grc' dir='ltr'>ὲ</span> <span class='ocrx_word' id='word_1_51' title='bbox 842 595 1007 644; x_wconf 74' lang='lat' dir='ltr'>multis</span> <span class='ocrx_word' id='word_1_52' title='bbox 1030 595 1218 658; x_wconf 82' lang='lat' dir='ltr'>capsula</span> <span class='ocrx_word' id='word_1_53' title='bbox 1233 610 1309 642; x_wconf 84' lang='lat' dir='ltr'>me</span> <span class='ocrx_word' id='word_1_54' title='bbox 1331 594 1557 660; x_wconf 77' lang='lat' dir='ltr'>sequitur.</span> 
     </span>
    </p>

    <p class='ocr_par' dir='ltr' id='par_1_5' title="bbox 492 657 1910 792">
     <span class='ocr_line' id='line_1_8' title="bbox 492 657 1910 728; baseline 0.002 -18"><span class='ocrx_word' id='word_1_55' title='bbox 492 660 640 726; x_wconf 84' lang='lat' dir='ltr'>Quod</span> <span class='ocrx_word' id='word_1_56' title='bbox 655 657 805 726; x_wconf 67' lang='lat' dir='ltr'>qutlm</span> <span class='ocrx_word' id='word_1_57' title='bbox 824 661 893 710; x_wconf 86' lang='lat' dir='ltr'>ita</span> <span class='ocrx_word' id='word_1_58' title='bbox 904 657 960 708; x_wconf 75' lang='lat' dir='ltr'>fit</span> <span class='ocrx_word' id='word_1_59' title='bbox 973 693 989 718; x_wconf 89' lang='lat'>‚</span> <span class='ocrx_word' id='word_1_60' title='bbox 1006 660 1162 708; x_wconf 86' lang='lat' dir='ltr'>nolim</span> <span class='ocrx_word' id='word_1_61' title='bbox 1175 658 1346 708; x_wconf 83' lang='lat' dir='ltr'>statuas</span> <span class='ocrx_word' id='word_1_62' title='bbox 1359 693 1377 718; x_wconf 89' lang='lat'><strong>,</strong></span> <span class='ocrx_word' id='word_1_63' title='bbox 1397 675 1483 708; x_wconf 83' lang='lat' dir='ltr'>nos</span> <span class='ocrx_word' id='word_1_64' title='bbox 1499 674 1664 710; x_wconf 83' lang='lat' dir='ltr'>mente</span> <span class='ocrx_word' id='word_1_65' title='bbox 1675 659 1910 728; x_wconf 70' lang='lat' dir='ltr'>maligna</span> 
     </span>
     <span class='ocr_line' id='line_1_9' title="bbox 559 723 1646 792; baseline 0.001 -18"><span class='ocrx_word' id='word_1_66' title='bbox 559 725 617 774; x_wconf 83' lang='lat' dir='ltr'>1d</span> <span class='ocrx_word' id='word_1_67' title='bbox 634 723 786 774; x_wconf 85' lang='lat' dir='ltr'>facete</span> <span class='ocrx_word' id='word_1_68' title='bbox 800 758 819 784; x_wconf 88' lang='lat'><strong>,</strong></span> <span class='ocrx_word' id='word_1_69' title='bbox 840 740 923 775; x_wconf 81' lang='lat' dir='ltr'>aut</span> <span class='ocrx_word' id='word_1_70' title='bbox 940 727 1110 773; x_wconf 82' lang='lat' dir='ltr'>animo</span> <span class='ocrx_word' id='word_1_71' title='bbox 1133 739 1232 773; x_wconf 85' lang='lat' dir='ltr'>non</span> <span class='ocrx_word' id='word_1_72' title='bbox 1255 724 1366 773; x_wconf 81' lang='lat' dir='ltr'>satis</span> <span class='ocrx_word' id='word_1_73' title='bbox 1391 726 1604 792; x_wconf 83' lang='lat' dir='ltr'>ingenuo</span> <span class='ocrx_word' id='word_1_74' title='bbox 1623 743 1646 786; x_wconf 60' lang='grc' dir='ltr'><strong><em>ς</em></strong></span> 
     </span>
    </p>

    <p class='ocr_par' dir='ltr' id='par_1_6' title="bbox 490 787 1728 920">
     <span class='ocr_line' id='line_1_10' title="bbox 490 787 1728 856; baseline -0.001 -17"><span class='ocrx_word' id='word_1_75' title='bbox 490 788 641 856; x_wconf 67' lang='lat' dir='ltr'>Qubd</span> <span class='ocrx_word' id='word_1_76' title='bbox 660 791 751 839; x_wconf 80' lang='lat' dir='ltr'>tibi</span> <span class='ocrx_word' id='word_1_77' title='bbox 772 806 870 838; x_wconf 85' lang='lat' dir='ltr'>non</span> <span class='ocrx_word' id='word_1_78' title='bbox 894 791 1138 856; x_wconf 83' lang='lat' dir='ltr'>utriusque</span> <span class='ocrx_word' id='word_1_79' title='bbox 1158 791 1299 855; x_wconf 80' lang='lat' dir='ltr'>petiti</span> <span class='ocrx_word' id='word_1_80' title='bbox 1313 791 1454 854; x_wconf 81' lang='lat' dir='ltr'>copia</span> <span class='ocrx_word' id='word_1_81' title='bbox 1479 788 1602 839; x_wconf 60' lang='lat' dir='ltr'>fa&amp;</span> <span class='ocrx_word' id='word_1_82' title='bbox 1619 787 1689 840; x_wconf 81' lang='lat' dir='ltr'>est</span> <span class='ocrx_word' id='word_1_83' title='bbox 1707 807 1728 838; x_wconf 72' lang='grc' dir='ltr'><em>ε</em></span> 
     </span>
     <span class='ocr_line' id='line_1_11' title="bbox 558 849 1581 920; baseline 0.001 -17"><span class='ocrx_word' id='word_1_84' title='bbox 558 855 703 904; x_wconf 81' lang='lat' dir='ltr'>Ultro</span> <span class='ocrx_word' id='word_1_85' title='bbox 722 870 814 920; x_wconf 74' lang='lat' dir='ltr'>ego</span> <span class='ocrx_word' id='word_1_86' title='bbox 830 853 1064 905; x_wconf 81' lang='lat' dir='ltr'>deferrem</span> <span class='ocrx_word' id='word_1_87' title='bbox 1075 888 1092 914; x_wconf 92' lang='lat'>,</span> <span class='ocrx_word' id='word_1_88' title='bbox 1111 856 1254 919; x_wconf 82' lang='lat' dir='ltr'>copia</span> <span class='ocrx_word' id='word_1_89' title='bbox 1271 849 1305 901; x_wconf 82' lang='lat' dir='ltr'>fi</span> <span class='ocrx_word' id='word_1_90' title='bbox 1359 869 1420 902; x_wconf 87' lang='lat' dir='ltr'>ua</span> <span class='ocrx_word' id='word_1_91' title='bbox 1437 851 1581 904; x_wconf 85' lang='lat' dir='ltr'>foret.</span> 
     </span>
    </p>

    <p class='ocr_par' dir='ltr' id='par_1_7' title="bbox 492 913 1838 1049">
     <span class='ocr_line' id='line_1_12' title="bbox 492 913 1838 984; baseline 0.001 -16"><span class='ocrx_word' id='word_1_92' title='bbox 492 921 609 970; x_wconf 77' lang='lat' dir='ltr'>Non</span> <span class='ocrx_word' id='word_1_93' title='bbox 628 913 817 984; x_wconf 82' lang='lat' dir='ltr'>poffum</span> <span class='ocrx_word' id='word_1_94' title='bbox 843 921 1036 969; x_wconf 84' lang='lat' dir='ltr'>reticere</span> <span class='ocrx_word' id='word_1_95' title='bbox 1051 953 1069 978; x_wconf 89' lang='lat'>,</span> <span class='ocrx_word' id='word_1_96' title='bbox 1099 923 1238 978; x_wconf 70' lang='lat' dir='ltr'>Dee,</span> <span class='ocrx_word' id='word_1_97' title='bbox 1266 934 1300 983; x_wconf 95' lang='lat' dir='ltr'>q</span> <span class='ocrx_word' id='word_1_98' title='bbox 1443 919 1657 970; x_wconf 82' lang='lat' dir='ltr'>Manlius</span> <span class='ocrx_word' id='word_1_99' title='bbox 1685 920 1752 969; x_wconf 83' lang='lat' dir='ltr'>in</span> <span class='ocrx_word' id='word_1_100' title='bbox 1775 935 1838 970; x_wconf 87' lang='lat' dir='ltr'>re</span> 
     </span>
     <span class='ocr_line' id='line_1_13' title="bbox 559 979 1522 1049; baseline 0 -17"><span class='ocrx_word' id='word_1_101' title='bbox 559 985 749 1032; x_wconf 80' lang='lat' dir='ltr'>Juverit</span> <span class='ocrx_word' id='word_1_102' title='bbox 763 1017 779 1042; x_wconf 89' lang='lat'>‚</span> <span class='ocrx_word' id='word_1_103' title='bbox 809 999 892 1032; x_wconf 84' lang='lat' dir='ltr'>aut</span> <span class='ocrx_word' id='word_1_104' title='bbox 910 985 1101 1049; x_wconf 84' lang='lat' dir='ltr'>quantis</span> <span class='ocrx_word' id='word_1_105' title='bbox 1121 985 1297 1046; x_wconf 77' lang='lat' dir='ltr'>juverit</span> <span class='ocrx_word' id='word_1_106' title='bbox 1319 979 1522 1044; x_wconf 77' lang='lat' dir='ltr'>officiis3</span> 
     </span>
    </p>

    <p class='ocr_par' dir='ltr' id='par_1_8' title="bbox 492 1047 1487 1178">
     <span class='ocr_line' id='line_1_14' title="bbox 492 1047 1478 1114; baseline 0 -18"><span class='ocrx_word' id='word_1_107' title='bbox 492 1049 571 1097; x_wconf 79' lang='lat' dir='ltr'>Ne</span> <span class='ocrx_word' id='word_1_108' title='bbox 592 1047 776 1114; x_wconf 79' lang='lat' dir='ltr'>fugiens</span> <span class='ocrx_word' id='word_1_109' title='bbox 798 1048 928 1097; x_wconf 82' lang='lat' dir='ltr'>seclis</span> <span class='ocrx_word' id='word_1_110' title='bbox 954 1047 1343 1097; x_wconf 81' lang='lat' dir='ltr'><strong>obliviscentibus</strong></span> <span class='ocrx_word' id='word_1_111' title='bbox 1367 1061 1478 1096; x_wconf 79' lang='lat' dir='ltr'>aetas</span> 
     </span>
     <span class='ocr_line' id='line_1_15' title="bbox 556 1109 1487 1178; baseline 0.001 -18"><span class='ocrx_word' id='word_1_112' title='bbox 556 1112 689 1161; x_wconf 83' lang='lat' dir='ltr'>Illius</span> <span class='ocrx_word' id='word_1_113' title='bbox 709 1113 805 1162; x_wconf 87' lang='lat' dir='ltr'>hoc</span> <span class='ocrx_word' id='word_1_114' title='bbox 826 1128 947 1162; x_wconf 66' lang='lat' dir='ltr'>ceca</span> <span class='ocrx_word' id='word_1_115' title='bbox 964 1114 1098 1161; x_wconf 61' lang='lat' dir='ltr'>noste</span> <span class='ocrx_word' id='word_1_116' title='bbox 1119 1126 1250 1178; x_wconf 84' lang='lat' dir='ltr'>tegat</span> <span class='ocrx_word' id='word_1_117' title='bbox 1266 1109 1487 1162; x_wconf 81' lang='lat' dir='ltr'>studium.</span> 
     </span>
    </p>

    <p class='ocr_par' dir='ltr' id='par_1_9' title="bbox 488 1174 1816 1307">
     <span class='ocr_line' id='line_1_16' title="bbox 488 1174 1588 1237; baseline 0 -11"><span class='ocrx_word' id='word_1_118' title='bbox 488 1175 582 1226; x_wconf 82' lang='lat' dir='ltr'>Sed</span> <span class='ocrx_word' id='word_1_119' title='bbox 600 1176 761 1226; x_wconf 83' lang='lat' dir='ltr'>dicam</span> <span class='ocrx_word' id='word_1_120' title='bbox 778 1179 917 1228; x_wconf 80' lang='lat' dir='ltr'>vobis</span> <span class='ocrx_word' id='word_1_121' title='bbox 934 1197 951 1237; x_wconf 65' lang='grc' dir='ltr'>ς</span> <span class='ocrx_word' id='word_1_122' title='bbox 980 1193 1070 1226; x_wconf 83' lang='lat' dir='ltr'>vos</span> <span class='ocrx_word' id='word_1_123' title='bbox 1158 1193 1236 1225; x_wconf 87' lang='lat' dir='ltr'>rto</span> <span class='ocrx_word' id='word_1_124' title='bbox 1256 1174 1402 1225; x_wconf 82' lang='lat' dir='ltr'>dicite</span> <span class='ocrx_word' id='word_1_125' title='bbox 1425 1175 1588 1226; x_wconf 81' lang='lat' dir='ltr'>multis</span> 
     </span>
     <span class='ocr_line' id='line_1_17' title="bbox 556 1239 1816 1307; baseline 0.004 -18"><span class='ocrx_word' id='word_1_126' title='bbox 556 1241 773 1291; x_wconf 83' lang='lat' dir='ltr'>Millibus</span> <span class='ocrx_word' id='word_1_127' title='bbox 786 1274 807 1302; x_wconf 89' lang='lat'><em>,</em></span> <span class='ocrx_word' id='word_1_128' title='bbox 830 1246 881 1292; x_wconf 78' lang='grc' dir='ltr'>δι</span> <span class='ocrx_word' id='word_1_129' title='bbox 898 1240 1042 1292; x_wconf 84' lang='lat' dir='ltr'>facite</span> <span class='ocrx_word' id='word_1_130' title='bbox 1055 1276 1073 1302; x_wconf 88' lang='lat'>,</span> <span class='ocrx_word' id='word_1_131' title='bbox 1131 1257 1195 1290; x_wconf 73' lang='lat' dir='ltr'>aec</span> <span class='ocrx_word' id='word_1_132' title='bbox 1215 1241 1380 1290; x_wconf 86' lang='lat' dir='ltr'>charta</span> <span class='ocrx_word' id='word_1_133' title='bbox 1401 1239 1630 1307; x_wconf 81' lang='lat' dir='ltr'>loquatur</span> <span class='ocrx_word' id='word_1_134' title='bbox 1653 1257 1816 1294; x_wconf 73' lang='lat' dir='ltr'>anus.</span> 
     </span>
    </p>

    <p class='ocr_par' dir='ltr' id='par_1_10' title="bbox 494 1305 1714 1439">
     <span class='ocr_line' id='line_1_18' title="bbox 494 1305 1690 1370; baseline 0.003 -16"><span class='ocrx_word' id='word_1_135' title='bbox 494 1307 641 1356; x_wconf 80' lang='lat' dir='ltr'>Vivat</span> <span class='ocrx_word' id='word_1_136' title='bbox 665 1308 717 1356; x_wconf 85' lang='lat' dir='ltr'>in</span> <span class='ocrx_word' id='word_1_137' title='bbox 736 1323 818 1356; x_wconf 87' lang='lat' dir='ltr'>ore</span> <span class='ocrx_word' id='word_1_138' title='bbox 836 1308 1096 1356; x_wconf 81' lang='lat' dir='ltr'><strong>hominum</strong></span> <span class='ocrx_word' id='word_1_139' title='bbox 1114 1306 1216 1370; x_wconf 81' lang='lat' dir='ltr'>plus</span> <span class='ocrx_word' id='word_1_140' title='bbox 1236 1321 1334 1356; x_wconf 89' lang='lat' dir='ltr'>uno</span> <span class='ocrx_word' id='word_1_141' title='bbox 1350 1305 1525 1356; x_wconf 83' lang='lat' dir='ltr'>clarior</span> <span class='ocrx_word' id='word_1_142' title='bbox 1542 1323 1654 1358; x_wconf 79' lang='lat' dir='ltr'>aevo</span> <span class='ocrx_word' id='word_1_143' title='bbox 1670 1343 1690 1370; x_wconf 92' lang='lat'>‚</span> 
     </span>
     <span class='ocr_line' id='line_1_19' title="bbox 554 1372 1714 1439; baseline 0.002 -19"><span class='ocrx_word' id='word_1_144' title='bbox 554 1372 877 1438; x_wconf 81' lang='lat' dir='ltr'>Notescatque</span> <span class='ocrx_word' id='word_1_145' title='bbox 896 1373 1050 1439; x_wconf 78' lang='lat' dir='ltr'>magis</span> <span class='ocrx_word' id='word_1_146' title='bbox 1069 1385 1286 1421; x_wconf 80' lang='lat' dir='ltr'>mortuus</span> <span class='ocrx_word' id='word_1_147' title='bbox 1299 1404 1318 1430; x_wconf 90' lang='lat'>‚</span> <span class='ocrx_word' id='word_1_148' title='bbox 1347 1385 1489 1437; x_wconf 84' lang='lat' dir='ltr'>atque</span> <span class='ocrx_word' id='word_1_149' title='bbox 1511 1376 1671 1439; x_wconf 83' lang='lat' dir='ltr'>magis</span> <span class='ocrx_word' id='word_1_150' title='bbox 1689 1408 1714 1434; x_wconf 91' lang='lat'>‚</span> 
     </span>
    </p>

    <p class='ocr_par' dir='ltr' id='par_1_11' title="bbox 490 1435 1590 1566">
     <span class='ocr_line' id='line_1_20' title="bbox 490 1435 1590 1498; baseline 0.002 -14"><span class='ocrx_word' id='word_1_151' title='bbox 490 1439 567 1484; x_wconf 86' lang='lat' dir='ltr'>Ne</span> <span class='ocrx_word' id='word_1_152' title='bbox 591 1450 786 1485; x_wconf 87' lang='lat' dir='ltr'>tenuem</span> <span class='ocrx_word' id='word_1_153' title='bbox 800 1451 961 1486; x_wconf 83' lang='lat' dir='ltr'>texens</span> <span class='ocrx_word' id='word_1_154' title='bbox 990 1435 1204 1486; x_wconf 79' lang='lat' dir='ltr'>sublimis</span> <span class='ocrx_word' id='word_1_155' title='bbox 1221 1451 1394 1486; x_wconf 78' lang='lat' dir='ltr'>aranea</span> <span class='ocrx_word' id='word_1_156' title='bbox 1413 1436 1558 1486; x_wconf 84' lang='lat' dir='ltr'>telam</span> <span class='ocrx_word' id='word_1_157' title='bbox 1571 1471 1590 1498; x_wconf 91' lang='lat'>,</span> 
     </span>
     <span class='ocr_line' id='line_1_21' title="bbox 556 1499 1486 1566; baseline 0.002 -18"><span class='ocrx_word' id='word_1_158' title='bbox 556 1505 615 1548; x_wconf 87' lang='lat' dir='ltr'>In</span> <span class='ocrx_word' id='word_1_159' title='bbox 636 1500 823 1550; x_wconf 85' lang='lat' dir='ltr'>deserto</span> <span class='ocrx_word' id='word_1_160' title='bbox 840 1501 953 1550; x_wconf 76' lang='lat' dir='ltr'>Auli</span> <span class='ocrx_word' id='word_1_161' title='bbox 970 1503 1168 1550; x_wconf 82' lang='lat' dir='ltr'>nomine</span> <span class='ocrx_word' id='word_1_162' title='bbox 1185 1516 1303 1566; x_wconf 74' lang='lat' dir='ltr'>opus</span> <span class='ocrx_word' id='word_1_163' title='bbox 1324 1499 1486 1550; x_wconf 70' lang='lat' dir='ltr'>faciat.</span> 
     </span>
    </p>

    <p class='ocr_par' dir='ltr' id='par_1_12' title="bbox 490 1563 1828 1696">
     <span class='ocr_line' id='line_1_22' title="bbox 490 1563 1828 1631; baseline 0.005 -18"><span class='ocrx_word' id='word_1_164' title='bbox 490 1567 624 1613; x_wconf 80' lang='lat' dir='ltr'>Nam</span> <span class='ocrx_word' id='word_1_165' title='bbox 646 1566 770 1614; x_wconf 88' lang='lat' dir='ltr'><strong>mihi</strong></span> <span class='ocrx_word' id='word_1_166' title='bbox 785 1581 931 1630; x_wconf 82' lang='lat' dir='ltr'>quam</span> <span class='ocrx_word' id='word_1_167' title='bbox 948 1565 1132 1616; x_wconf 82' lang='lat' dir='ltr'>dederit</span> <span class='ocrx_word' id='word_1_168' title='bbox 1148 1565 1318 1631; x_wconf 77' lang='lat' dir='ltr'>duplex</span> <span class='ocrx_word' id='word_1_169' title='bbox 1337 1563 1617 1616; x_wconf 76' lang='lat' dir='ltr'>Amathufia</span> <span class='ocrx_word' id='word_1_170' title='bbox 1639 1581 1828 1620; x_wconf 81' lang='lat' dir='ltr'>cutam</span> 
     </span>
     <span class='ocr_line' id='line_1_23' title="bbox 556 1631 1578 1696; baseline 0.001 -19"><span class='ocrx_word' id='word_1_171' title='bbox 556 1631 694 1679; x_wconf 79' lang='lat' dir='ltr'>Scitis</span> <span class='ocrx_word' id='word_1_172' title='bbox 711 1664 727 1687; x_wconf 93' lang='lat'>,</span> <span class='ocrx_word' id='word_1_173' title='bbox 757 1634 806 1680; x_wconf 73' lang='grc' dir='ltr'>ὅ(</span> <span class='ocrx_word' id='word_1_174' title='bbox 825 1631 879 1678; x_wconf 84' lang='lat' dir='ltr'>in</span> <span class='ocrx_word' id='word_1_175' title='bbox 900 1646 999 1695; x_wconf 89' lang='lat' dir='ltr'>quo</span> <span class='ocrx_word' id='word_1_176' title='bbox 1026 1646 1102 1677; x_wconf 88' lang='lat' dir='ltr'>me</span> <span class='ocrx_word' id='word_1_177' title='bbox 1121 1631 1352 1682; x_wconf 87' lang='lat' dir='ltr'>corruerit</span> <span class='ocrx_word' id='word_1_178' title='bbox 1373 1646 1544 1696; x_wconf 87' lang='lat' dir='ltr'>genere</span> <span class='ocrx_word' id='word_1_179' title='bbox 1561 1650 1578 1691; x_wconf 82' lang='lat'><em>3</em></span> 
     </span>
    </p>

    <p class='ocr_par' dir='ltr' id='par_1_13' title="bbox 492 1691 1870 1827">
     <span class='ocr_line' id='line_1_24' title="bbox 492 1691 1870 1767; baseline 0.004 -24"><span class='ocrx_word' id='word_1_180' title='bbox 492 1691 658 1757; x_wconf 72' lang='lat' dir='ltr'>Qunlm</span> <span class='ocrx_word' id='word_1_181' title='bbox 678 1691 867 1745; x_wconf 55' lang='lat' dir='ltr'>tantam</span> <span class='ocrx_word' id='word_1_182' title='bbox 886 1694 1100 1745; x_wconf 77' lang='lat' dir='ltr'>arderem</span> <span class='ocrx_word' id='word_1_183' title='bbox 1113 1730 1130 1756; x_wconf 89' lang='lat'>,</span> <span class='ocrx_word' id='word_1_184' title='bbox 1153 1691 1385 1761; x_wconf 66' lang='lat' dir='ltr'>quantxlm</span> <span class='ocrx_word' id='word_1_185' title='bbox 1403 1697 1661 1747; x_wconf 80' lang='lat' dir='ltr'>Trinacria</span> <span class='ocrx_word' id='word_1_186' title='bbox 1683 1715 1838 1767; x_wconf 70' lang='lat' dir='ltr'>rupes</span> <span class='ocrx_word' id='word_1_187' title='bbox 1849 1735 1870 1763; x_wconf 85' lang='lat'>,</span> 
     </span>
     <span class='ocr_line' id='line_1_25' title="bbox 556 1760 1662 1827; baseline 0.002 -18"><span class='ocrx_word' id='word_1_188' title='bbox 556 1762 869 1827; x_wconf 81' lang='lat' dir='ltr'>Lymphaque</span> <span class='ocrx_word' id='word_1_189' title='bbox 892 1762 945 1809; x_wconf 86' lang='lat' dir='ltr'>in</span> <span class='ocrx_word' id='word_1_190' title='bbox 965 1763 1142 1811; x_wconf 65' lang='lat' dir='ltr'>Oetacis</span> <span class='ocrx_word' id='word_1_191' title='bbox 1159 1760 1308 1810; x_wconf 82' lang='lat' dir='ltr'>Malia</span> <span class='ocrx_word' id='word_1_192' title='bbox 1323 1762 1626 1825; x_wconf 81' lang='lat' dir='ltr'>Termopylis</span> <span class='ocrx_word' id='word_1_193' title='bbox 1643 1782 1662 1824; x_wconf 70' lang='grc' dir='ltr'><strong><em>ς</em></strong></span> 
     </span>
    </p>
   </div>
   <div class='ocr_carea' id='block_1_3' title="bbox 386 1822 1559 1876">
    <p class='ocr_par' dir='ltr' id='par_1_14' title="bbox 386 1822 1559 1876">
     <span class='ocr_line' id='line_1_26' title="bbox 386 1822 1559 1876; baseline 0.001 -2"><span class='ocrx_word' id='word_1_194' title='bbox 386 1840 391 1846; x_wconf 93' lang='grc'><em>·</em></span> <span class='ocrx_word' id='word_1_195' title='bbox 490 1823 662 1875; x_wconf 77' lang='lat' dir='ltr'>Moesta</span> <span class='ocrx_word' id='word_1_196' title='bbox 678 1842 767 1875; x_wconf 83' lang='lat' dir='ltr'>nec</span> <span class='ocrx_word' id='word_1_197' title='bbox 788 1825 966 1876; x_wconf 81' lang='lat' dir='ltr'>affiduo</span> <span class='ocrx_word' id='word_1_198' title='bbox 985 1827 1217 1875; x_wconf 82' lang='lat' dir='ltr'>tabescere</span> <span class='ocrx_word' id='word_1_199' title='bbox 1243 1826 1426 1875; x_wconf 81' lang='lat' dir='ltr'>lumina</span> <span class='ocrx_word' id='word_1_200' title='bbox 1442 1822 1559 1875; x_wconf 82' lang='lat' dir='ltr'>fletu</span> 
     </span>
    </p>
   </div>
   <div class='ocr_carea' id='block_1_4' title="bbox 486 1884 1752 2591">
    <p class='ocr_par' dir='ltr' id='par_1_15' title="bbox 486 1884 1752 2591">
     <span class='ocr_line' id='line_1_27' title="bbox 556 1884 1708 1958; baseline 0.005 -21"><span class='ocrx_word' id='word_1_201' title='bbox 556 1884 799 1940; x_wconf 84' lang='lat' dir='ltr'>Ceffarent</span> <span class='ocrx_word' id='word_1_202' title='bbox 812 1925 831 1952; x_wconf 91' lang='lat'>,</span> <span class='ocrx_word' id='word_1_203' title='bbox 854 1907 1005 1958; x_wconf 86' lang='lat' dir='ltr'>neque</span> <span class='ocrx_word' id='word_1_204' title='bbox 1028 1890 1148 1940; x_wconf 83' lang='lat' dir='ltr'>tristi</span> <span class='ocrx_word' id='word_1_205' title='bbox 1170 1892 1322 1939; x_wconf 80' lang='lat' dir='ltr'>imbre</span> <span class='ocrx_word' id='word_1_206' title='bbox 1340 1888 1529 1941; x_wconf 77' lang='lat' dir='ltr'>madere</span> <span class='ocrx_word' id='word_1_207' title='bbox 1549 1906 1708 1957; x_wconf 63' lang='grc' dir='ltr'>ματ.</span> 
     </span>
     <span class='ocr_line' id='line_1_28' title="bbox 490 1953 1538 2021; baseline 0.003 -19"><span class='ocrx_word' id='word_1_208' title='bbox 490 1953 659 2015; x_wconf 78' lang='lat' dir='ltr'>Qualis</span> <span class='ocrx_word' id='word_1_209' title='bbox 680 1958 731 2005; x_wconf 86' lang='lat' dir='ltr'>in</span> <span class='ocrx_word' id='word_1_210' title='bbox 753 1958 871 2005; x_wconf 82' lang='lat' dir='ltr'>aerii</span> <span class='ocrx_word' id='word_1_211' title='bbox 894 1956 1136 2021; x_wconf 81' lang='lat' dir='ltr'>perlucens</span> <span class='ocrx_word' id='word_1_212' title='bbox 1154 1956 1333 2005; x_wconf 83' lang='lat' dir='ltr'>vertice</span> <span class='ocrx_word' id='word_1_213' title='bbox 1357 1959 1538 2006; x_wconf 71' lang='lat' dir='ltr'>montis</span> 
     </span>
     <span class='ocr_line' id='line_1_29' title="bbox 556 2018 1420 2086; baseline 0.002 -20"><span class='ocrx_word' id='word_1_214' title='bbox 556 2021 711 2067; x_wconf 80' lang='lat' dir='ltr'>Rivus</span> <span class='ocrx_word' id='word_1_215' title='bbox 739 2020 960 2070; x_wconf 84' lang='lat' dir='ltr'>muscoso</span> <span class='ocrx_word' id='word_1_216' title='bbox 988 2018 1166 2084; x_wconf 80' lang='lat' dir='ltr'>profilit</span> <span class='ocrx_word' id='word_1_217' title='bbox 1186 2018 1209 2069; x_wconf 82' lang='grc' dir='ltr'>ὲ</span> <span class='ocrx_word' id='word_1_218' title='bbox 1233 2020 1388 2086; x_wconf 78' lang='lat' dir='ltr'>lapide</span> <span class='ocrx_word' id='word_1_219' title='bbox 1405 2038 1420 2068; x_wconf 72' lang='grc' dir='ltr'><strong>ε</strong></span> 
     </span>
     <span class='ocr_line' id='line_1_30' title="bbox 488 2080 1752 2150; baseline 0.008 -21"><span class='ocrx_word' id='word_1_220' title='bbox 488 2082 620 2142; x_wconf 84' lang='lat' dir='ltr'><strong>Qui,</strong></span> <span class='ocrx_word' id='word_1_221' title='bbox 646 2098 796 2147; x_wconf 88' lang='lat' dir='ltr'>quom</span> <span class='ocrx_word' id='word_1_222' title='bbox 816 2080 874 2132; x_wconf 89' lang='lat' dir='ltr'>de</span> <span class='ocrx_word' id='word_1_223' title='bbox 897 2100 1049 2149; x_wconf 85' lang='lat' dir='ltr'>prona</span> <span class='ocrx_word' id='word_1_224' title='bbox 1065 2100 1262 2150; x_wconf 70' lang='lat' dir='ltr'>preceps</span> <span class='ocrx_word' id='word_1_225' title='bbox 1284 2084 1351 2135; x_wconf 82' lang='lat' dir='ltr'>est</span> <span class='ocrx_word' id='word_1_226' title='bbox 1368 2082 1491 2135; x_wconf 81' lang='lat' dir='ltr'>valle</span> <span class='ocrx_word' id='word_1_227' title='bbox 1509 2082 1752 2149; x_wconf 78' lang='lat' dir='ltr'>volutus,</span> 
     </span>
     <span class='ocr_line' id='line_1_31' title="bbox 555 2146 1548 2216; baseline 0.008 -24"><span class='ocrx_word' id='word_1_228' title='bbox 555 2148 641 2193; x_wconf 83' lang='lat' dir='ltr'>Per</span> <span class='ocrx_word' id='word_1_229' title='bbox 666 2146 882 2197; x_wconf 70' lang='lat' dir='ltr'>medium</span> <span class='ocrx_word' id='word_1_230' title='bbox 904 2146 1031 2197; x_wconf 81' lang='lat' dir='ltr'>deufi</span> <span class='ocrx_word' id='word_1_231' title='bbox 1053 2148 1215 2200; x_wconf 81' lang='lat' dir='ltr'>tranfit</span> <span class='ocrx_word' id='word_1_232' title='bbox 1235 2152 1327 2200; x_wconf 85' lang='lat' dir='ltr'>iter</span> <span class='ocrx_word' id='word_1_233' title='bbox 1352 2150 1548 2216; x_wconf 82' lang='lat' dir='ltr'>populi,</span> 
     </span>
     <span class='ocr_line' id='line_1_32' title="bbox 490 2208 1514 2277; baseline 0.003 -18"><span class='ocrx_word' id='word_1_234' title='bbox 490 2210 643 2259; x_wconf 82' lang='lat' dir='ltr'>Dulce</span> <span class='ocrx_word' id='word_1_235' title='bbox 663 2213 839 2261; x_wconf 71' lang='lat' dir='ltr'>viatori</span> <span class='ocrx_word' id='word_1_236' title='bbox 859 2208 976 2264; x_wconf 80' lang='lat' dir='ltr'>lasso</span> <span class='ocrx_word' id='word_1_237' title='bbox 997 2217 1048 2263; x_wconf 80' lang='lat' dir='ltr'>in</span> <span class='ocrx_word' id='word_1_238' title='bbox 1074 2214 1242 2265; x_wconf 85' lang='lat' dir='ltr'>sudore</span> <span class='ocrx_word' id='word_1_239' title='bbox 1269 2215 1484 2277; x_wconf 76' lang='lat' dir='ltr'>levamen</span> <span class='ocrx_word' id='word_1_240' title='bbox 1497 2249 1514 2275; x_wconf 89' lang='lat'>‚</span> 
     </span>
     <span class='ocr_line' id='line_1_33' title="bbox 556 2272 1588 2345; baseline 0.01 -24"><span class='ocrx_word' id='word_1_241' title='bbox 556 2272 687 2323; x_wconf 75' lang='lat' dir='ltr'>Ctlm</span> <span class='ocrx_word' id='word_1_242' title='bbox 736 2279 859 2325; x_wconf 83' lang='lat' dir='ltr'>ravis</span> <span class='ocrx_word' id='word_1_243' title='bbox 878 2277 1057 2328; x_wconf 82' lang='lat' dir='ltr'>exustos</span> <span class='ocrx_word' id='word_1_244' title='bbox 1077 2274 1206 2329; x_wconf 71' lang='lat' dir='ltr'>aestus</span> <span class='ocrx_word' id='word_1_245' title='bbox 1228 2278 1407 2329; x_wconf 82' lang='lat' dir='ltr'>hiulcat</span> <span class='ocrx_word' id='word_1_246' title='bbox 1423 2296 1588 2345; x_wconf 83' lang='lat' dir='ltr'>agros.</span> 
     </span>
     <span class='ocr_line' id='line_1_34' title="bbox 490 2340 1540 2410; baseline 0.005 -21"><span class='ocrx_word' id='word_1_247' title='bbox 490 2340 612 2397; x_wconf 78' lang='lat' dir='ltr'>Hic,</span> <span class='ocrx_word' id='word_1_248' title='bbox 639 2355 698 2388; x_wconf 81' lang='lat' dir='ltr'>ve</span> <span class='ocrx_word' id='word_1_249' title='bbox 718 2342 789 2389; x_wconf 83' lang='lat' dir='ltr'>uti</span> <span class='ocrx_word' id='word_1_250' title='bbox 812 2344 952 2409; x_wconf 84' lang='lat' dir='ltr'>nigro</span> <span class='ocrx_word' id='word_1_251' title='bbox 974 2345 1155 2410; x_wconf 54' lang='lat' dir='ltr'>jaciatis</span> <span class='ocrx_word' id='word_1_252' title='bbox 1178 2346 1365 2394; x_wconf 87' lang='lat' dir='ltr'>turbine</span> <span class='ocrx_word' id='word_1_253' title='bbox 1386 2350 1540 2394; x_wconf 78' lang='lat' dir='ltr'>nautis</span> 
     </span>
     <span class='ocr_line' id='line_1_35' title="bbox 555 2402 1501 2471; baseline 0.005 -19"><span class='ocrx_word' id='word_1_254' title='bbox 555 2402 727 2453; x_wconf 70' lang='lat' dir='ltr'>Lenitls</span> <span class='ocrx_word' id='word_1_255' title='bbox 746 2406 951 2471; x_wconf 80' lang='lat' dir='ltr'>aspirans</span> <span class='ocrx_word' id='word_1_256' title='bbox 973 2426 1090 2459; x_wconf 83' lang='lat' dir='ltr'>aura</span> <span class='ocrx_word' id='word_1_257' title='bbox 1113 2408 1313 2459; x_wconf 84' lang='lat' dir='ltr'>secunda</span> <span class='ocrx_word' id='word_1_258' title='bbox 1337 2412 1468 2459; x_wconf 84' lang='lat' dir='ltr'>venit</span> <span class='ocrx_word' id='word_1_259' title='bbox 1484 2443 1501 2468; x_wconf 87' lang='lat'><strong>,</strong></span> 
     </span>
     <span class='ocr_line' id='line_1_36' title="bbox 486 2470 1698 2542; baseline 0.01 -25"><span class='ocrx_word' id='word_1_260' title='bbox 486 2470 602 2517; x_wconf 83' lang='lat' dir='ltr'>Jam</span> <span class='ocrx_word' id='word_1_261' title='bbox 654 2485 754 2519; x_wconf 87' lang='lat' dir='ltr'>rece</span> <span class='ocrx_word' id='word_1_262' title='bbox 776 2470 973 2523; x_wconf 83' lang='lat' dir='ltr'>Pollucis</span> <span class='ocrx_word' id='word_1_263' title='bbox 989 2509 1005 2533; x_wconf 87' lang='lat'>‚</span> <span class='ocrx_word' id='word_1_264' title='bbox 1037 2478 1137 2539; x_wconf 71' lang='lat' dir='ltr'>jam</span> <span class='ocrx_word' id='word_1_265' title='bbox 1157 2474 1364 2525; x_wconf 83' lang='lat' dir='ltr'>Castoris</span> <span class='ocrx_word' id='word_1_266' title='bbox 1383 2473 1647 2540; x_wconf 81' lang='lat' dir='ltr'>implorata</span> <span class='ocrx_word' id='word_1_267' title='bbox 1663 2484 1698 2542; x_wconf 64' lang='grc' dir='ltr'>ς’</span> 
     </span>
     <span class='ocr_line' id='line_1_37' title="bbox 554 2485 1453 2591; baseline 0.008 -11"><span class='ocrx_word' id='word_1_268' title='bbox 554 2485 669 2583; x_wconf 64' lang='lat' dir='ltr'>Tale</span> <span class='ocrx_word' id='word_1_269' title='bbox 690 2533 785 2585; x_wconf 76' lang='lat' dir='ltr'>fuit</span> <span class='ocrx_word' id='word_1_270' title='bbox 808 2540 947 2589; x_wconf 79' lang='lat' dir='ltr'>nobis</span> <span class='ocrx_word' id='word_1_271' title='bbox 974 2541 1184 2590; x_wconf 84' lang='lat' dir='ltr'>Manlius</span> <span class='ocrx_word' id='word_1_272' title='bbox 1207 2539 1453 2591; x_wconf 84' lang='lat' dir='ltr'>auxilium.</span> 
     </span>
    </p>
   </div>
   <div class='ocr_carea' id='block_1_5' title="bbox 489 2596 1566 2671">
    <p class='ocr_par' dir='ltr' id='par_1_16' title="bbox 489 2596 1566 2671">
     <span class='ocr_line' id='line_1_38' title="bbox 489 2596 1566 2671; baseline -0.003 -17"><span class='ocrx_word' id='word_1_273' title='bbox 489 2598 537 2648; x_wconf 77' lang='lat'>1⁸</span> <span class='ocrx_word' id='word_1_274' title='bbox 553 2596 762 2655; x_wconf 67' lang='lat' dir='ltr'>exaustum</span> <span class='ocrx_word' id='word_1_275' title='bbox 780 2600 881 2655; x_wconf 80' lang='lat' dir='ltr'>lato</span> <span class='ocrx_word' id='word_1_276' title='bbox 898 2602 1122 2671; x_wconf 80' lang='lat' dir='ltr'>patefecit</span> <span class='ocrx_word' id='word_1_277' title='bbox 1139 2606 1292 2657; x_wconf 86' lang='lat' dir='ltr'>limite</span> <span class='ocrx_word' id='word_1_278' title='bbox 1311 2618 1532 2671; x_wconf 81' lang='lat' dir='ltr'>campum</span> <span class='ocrx_word' id='word_1_279' title='bbox 1545 2636 1566 2665; x_wconf 85' lang='lat'>,</span> 
     </span>
    </p>
   </div>
  </div>
 </body>
</html>
