2044 3457
575 188 642 257 a
810 167 1693 242 GATULLrtrnEm

573 277 871 345 Languidior
896 291 1057 326 tenera
1084 277 1201 341 quoi
1228 272 1430 340 pendens
1459 271 1599 323 ficula
1622 275 1736 324 beta

639 348 904 409 Nunquam
929 343 973 390 se
994 339 1206 390 mediam
1224 337 1402 387 sustulit
1429 338 1491 387 ad
1519 341 1735 388 tunicam
1749 355 1770 387 e

573 407 663 458 Sed
685 423 816 473 pater
835 407 960 455 illius
983 407 1084 454 nati
1113 399 1307 453 violaffe
1329 402 1482 451 cubile
1570 446 1600 468 s

640 476 830 521 Dicitur
846 505 862 530 ,
893 475 942 520 ὅτ
960 471 1182 518 miseram
1200 463 1525 517 conscelerasse
1545 466 1752 518 domum
1769 484 1788 528 ς

573 538 681 586 Sive
707 533 834 605 quod
854 537 1002 599 impia
1022 550 1154 582 mens
1169 549 1291 581 caeco
1319 529 1549 597 flagrabat
1562 548 1726 581 amore
1744 552 1764 594 3

640 605 728 651 Seu
752 598 879 667 quod
913 603 1037 647 iners
1064 597 1207 646 sterili
1238 598 1414 645 semine
1440 611 1577 644 natus
1603 610 1741 656 erat3

573 669 634 717 Et
657 664 959 732 quaerendum
985 661 1108 711 unde
1137 661 1260 710 unde
1289 659 1413 710 foret
1439 658 1676 710 nervofius
1700 658 1869 724 illud,

638 729 785 793 Quod
806 725 956 795 poffiet
973 742 1147 777 zonam
1165 725 1344 779 solvere
1363 727 1645 791 virgineam.

993 821 1039 868 C
1074 834 1107 868 Α
1140 833 1174 866 τ
1209 833 1244 869 u
1283 834 1311 866 x.
1345 834 1372 866 ι
1404 832 1441 868 u
1478 834 1520 868 s.

572 886 827 972 Egregium
846 918 1005 953 narras
1027 905 1148 952 mita
1165 904 1339 967 pietate
1361 888 1604 967 parentem
1618 936 1637 964 ,

637 973 736 1032 Qui
762 969 858 1033 ipse
885 969 957 1017 sui
984 970 1119 1033 gnati
1142 969 1368 1017 minxerit
1391 971 1443 1016 in
1469 972 1724 1034 gremium.

1090 1069 1417 1115 ΙΑκυΑ.

572 1149 727 1218 Atqui
753 1163 851 1200 non
872 1146 1027 1198 solum
1050 1149 1145 1198 hoc
1171 1149 1217 1196 se
1236 1147 1358 1197 dicit
1380 1149 1629 1215 cognitum
1647 1149 1835 1202 habere

637 1217 795 1265 Brixia
808 1248 826 1274 ,
848 1217 1051 1277 Cycnaea
1070 1210 1351 1278 suppofitam
1369 1213 1579 1277 specula,

570 1281 740 1332 Flavus
762 1295 906 1346 quam
925 1277 1062 1327 molli
1084 1278 1310 1343 percurrit
1331 1273 1529 1329 flumine
1546 1277 1706 1341 Mela,

636 1347 794 1394 Brixia
817 1350 1015 1392 Verona:
1035 1358 1185 1393 mater
1206 1356 1365 1391 amata
1386 1359 1503 1397 meae
1524 1361 1539 1403 3

563 1408 660 1471 ,Sed
681 1409 739 1458 de
760 1408 1034 1457 Posthumio
1050 1441 1066 1466 ,
1095 1412 1145 1458 δε
1164 1395 1359 1456 Corneli
1377 1421 1538 1456 narrat
1558 1423 1757 1472 amore,

633 1476 764 1522 Cum
819 1475 955 1520 uibus
974 1472 1056 1520 illa
1080 1470 1261 1520 malum
1286 1469 1399 1520 fecit
1428 1471 1733 1521 adulterium.

568 1538 759 1588 Dixerit
777 1537 854 1582 hic
877 1535 1078 1599 aliquis:
1108 1535 1238 1597 Quid
1261 1551 1315 1584 tu
1334 1535 1454 1587 istaec
1467 1569 1484 1595 ,
1510 1540 1662 1589 Janua
1678 1571 1695 1596 ,
1727 1537 1862 1590 nosti
1874 1574 1899 1604 ,

588 1626 592 1649 .'
634 1602 764 1663 Quoi
785 1615 1029 1664 nunquam
1048 1598 1241 1648 demum
1270 1599 1436 1657 limine
1456 1598 1607 1649 abesse
1625 1601 1768 1650 licet?

565 1666 672 1715 Nec
692 1662 922 1744 pogulum
937 1663 1226 1724 auscultare3
1249 1661 1326 1712 sed
1344 1665 1457 1713 huic
1474 1663 1637 1720 suffixa
1656 1666 1826 1733 tigillo

633 1734 845 1780 Tantum
867 1732 1049 1794 operire
1070 1728 1185 1779 soles
1205 1764 1222 1789 ,
1247 1745 1328 1779 aut
1350 1746 1377 1778 a
1409 1732 1528 1779 erite
1547 1728 1781 1781 domum!

565 1795 692 1860 Saepe
712 1794 846 1844 illam
862 1793 1027 1843 audivi
1046 1793 1225 1843 furtiva
1242 1810 1359 1843 voce
1394 1810 1650 1861 oquentem

631 1858 790 1909 Solam
811 1876 919 1909 cum
940 1858 1121 1909 ancillis
1142 1860 1243 1908 haec
1261 1860 1343 1917 sua
1359 1854 1544 1925 flagitia
1558 1893 1575 1919 ,

565 1926 777 1976 Nomine
799 1924 1035 1973 dicentem
1051 1958 1066 1984 ,
1090 1941 1208 1990 quos
1230 1921 1467 1988 diximus3
1491 1938 1657 1990 utpote
1676 1940 1781 1990 quae
1801 1926 1882 1986 mi

633 1992 789 2052 Speret
803 2023 818 2047 ,
842 2004 926 2035 nec
946 1988 1159 2052 linguam
1178 1983 1268 2036 effe
1283 2022 1300 2047 ,
1330 2004 1417 2037 nec
1437 1988 1715 2039 auriculam.

564 2055 790 2106 Praetetea
812 2051 1021 2100 addebat
1075 2052 1294 2101 uemdam
1309 2086 1327 2112 ‚
1354 2069 1497 2119 quem
1523 2052 1677 2104 dicere
1692 2054 1819 2107 nolo

631 2117 874 2174 Nomine,
898 2130 956 2163 ne
983 2129 1037 2165 to
1073 2130 1123 2165 at
1144 2118 1284 2165 rubra
1311 2118 1571 2181 supercilia.
1785 2117 1790 2120 ’

563 2183 759 2244 Longus
782 2179 932 2228 homo
956 2179 1021 2229 est
1035 2214 1053 2240 ,
1083 2196 1276 2246 magnas
1298 2186 1382 2247 qui
1408 2183 1510 2232 lites
1528 2182 1695 2238 intulit
1720 2183 1853 2247 olim

629 2242 814 2299 Falsum
833 2244 1051 2312 mendaci
1074 2261 1238 2295 ventre
1264 2250 1579 2313 puerperium·

1099 2399 1409 2579 aaa·

1716 2646 1953 2725 inn.
