2044 3457
423 191 1314 251 CATvtzitinER.
1495 209 1551 256 ¹3

137 315 144 320 ·
167 279 255 347 §fc
273 285 366 338 tibi
383 287 534 335 bonu's
553 299 608 334 ex
630 300 713 334 tua
765 299 852 334 ons
873 283 1073 332 iibidine
1095 281 1177 334 fiat
1190 317 1208 346 ‚

175 358 236 404 In
256 368 354 421 quo
372 351 450 400 vel
472 350 576 398 salis
588 384 604 409 ,
634 301 810 398 subiflis
826 369 842 410 3
871 349 996 397 sarta
1015 350 1326 414 suscipiantur
1342 369 1361 411 3

177 423 358 471 Munus
377 417 471 464 hoc
489 416 614 463 mihi
633 416 834 463 maximi
851 413 911 462 da
928 448 944 473 ,
975 414 1184 463 Colonia
1198 448 1214 473 ‚
1240 417 1373 463 risus.

179 481 452 545 Quemdam
471 482 653 528 munici
715 495 766 526 m
785 494 946 526 meum
965 477 1025 526 de
1044 492 1129 527 tuo
1152 478 1267 528 volo
1284 492 1431 543 ponte

179 551 258 596 Ire
311 548 570 610 raecipitem
589 547 642 592 in
683 557 821 592 utum
835 575 852 602 ,
879 559 960 607 per
984 557 1244 608 caputque,
1266 543 1525 619 pedefiffiuess

179 614 278 660 Ver
387 611 537 662 totius
563 623 617 658 ut
640 605 805 667 lac'fis'5
826 605 963 671 putid
1038 620 1094 655 'ue
1154 606 1305 656 aludis
1416 619 1423 628 ’
1486 667 1491 670 ³

179 673 509 734 Lividiffima,
529 675 828 738 maximeque
846 671 908 720 est
960 688 1022 730 ro¹
1041 687 1103 720 un
1138 688 1164 720 a
1185 688 1277 721 vor
1338 688 1389 721 ο.

175 736 500 787 lnsulfiffimus
521 735 586 784 est
601 737 781 795 homo,
809 751 895 784 nec
939 740 1038 801 apit
1060 737 1193 801 pueri
1215 737 1265 783 in
1334 752 1358 785 t
1502 741 1507 750 '

178 801 360 852 Bimuli
371 836 389 861 ,
409 801 612 851 tremula
631 802 778 866 patris
795 798 1078 850 dormientis
1098 803 1150 848 in
1164 797 1275 848 ulna
1287 817 1301 846 ε

179 869 314 929 (ὶιιρὶ
370 882 484 915 uom
505 862 560 913 fit
579 863 862 914 viridissimo
877 879 944 914 nu
977 880 1029 913 ta
1046 861 1165 913 flore
1182 863 1335 930 puella
1349 897 1370 924 ‚

178 936 240 981 Et
296 947 351 980 ue
435 928 656 980 tenellulo
676 929 923 978 delicatior
982 927 1096 978 oedo
1110 963 1127 992 ‚
1323 967 1328 972 .

267 993 474 1045 etvanda
493 998 543 1042 ni
577 996 761 1043 enimis
779 993 1055 1060 diligentius
1077 996 1213 1054 uvis;
1264 1056 1267 1058 v

182 1059 370 1113 Ludere
388 1062 512 1108 hanc
529 1011 637 1119 {xguit
652 1093 669 1118 ‚
695 1073 748 1107 ut
771 1059 929 1117 lubet,
957 1074 1045 1106 nec
1068 1058 1153 1123 pili
1174 1059 1290 1107 facit
1313 1060 1397 1108 uni
1411 1093 1433 1120 ,

178 1125 286 1173 Nec
307 1125 354 1172 fe
379 1123 590 1172 sublevat
611 1138 667 1171 ex
689 1125 772 1172 fua
796 1127 928 1188 parte
942 1155 959 1182 ,
987 1123 1069 1170 sed
1086 1123 1215 1172 velut
1240 1122 1373 1172 alnus

179 1192 241 1237 In
270 1185 392 1238 foss‘a
417 1189 584 1254 Liguri
609 1191 733 1250 iacet
759 1189 1040 1252 subpetnata
1066 1188 1243 1246 securi,

179 1250 490 1318 Tantundem
512 1253 678 1300 omnia
695 1252 895 1299 sentiens
911 1284 928 1309 ‚
959 1249 1088 1317 quasi
1104 1251 1235 1303 nulla
1257 1249 1313 1299 fit
1338 1265 1571 1336 unquamq

182 1315 420 1364 Talis'iste
445 1319 577 1376 meus
601 1314 760 1378 stupor
781 1314 854 1363 nil
871 1313 1005 1363 videt
1019 1349 1037 1373 ,
1063 1314 1186 1374 nihii
1206 1313 1371 1374 audit,

183 1380 292 1442 xpse
311 1381 395 1442 qui
415 1375 468 1425 fit
484 1410 501 1435 ‚
525 1391 686 1425 utrum
707 1375 761 1426 fit
777 1410 792 1435 ,
818 1391 979 1426 annon
998 1375 1054 1428 fit
1072 1412 1087 1436 ,
1115 1378 1167 1426 id
1186 1393 1377 1444 quoque
1400 1379 1567 1428 nescit.

183 1445 332 1491 Nunc
349 1457 458 1489 eum
478 1439 594 1489 volo
617 1456 694 1489 me
717 1439 742 1488 ὲ
767 1456 853 1490 tuo
878 1455 1025 1506 ponte
1053 1445 1248 1508 migtete.
1269 1457 1504 1507 pronum,

185 1509 236 1556 Si
258 1518 370 1572 pote
391 1503 614 1555 stolidum
634 1518 822 1570 repente
844 1509 1047 1555 excitate
1068 1521 1315 1556 veternum
1331 1541 1350 1566 ,
1445 1503 1450 1509 ’
1484 1516 1489 1522 ·

186 1575 250 1620 Et
269 1571 488 1637 supinqm
505 1571 722 1618 animum
739 1573 791 1618 in
807 1573 944 1634 gravi
963 1569 1285 1637 derelinquere
1300 1583 1443 1622 coeno
1455 1605 1476 1634 ,

179 1635 407 1700 fetreax‘fi
435 1649 488 1684 ut
512 1633 689 1684 soleam
715 1638 869 1690 tenaci
888 1637 941 1685 in
964 1639 1192 1702 voragine
1221 1633 1367 1684 niula.
1458 1635 1465 1651 ³

1057 1780 1575 1813 ἢ

654 1907 1037 1977 'xv111.

519 2068 632 2117 An
695 2070 1234 2122 Αυιειιυκ.

191 2214 362 2337 AU
374 2226 413 2261 ι
423 2224 450 2266 ε
464 2225 492 2261 1.
501 2228 522 2261 ι
537 2245 554 2271 ,
569 2210 720 2277 ‘pater
742 2210 1056 2261 esuritionum
1071 2246 1089 2272 ,

343 2280 459 2327 Non
479 2278 651 2325 harum
671 2275 848 2335 modo,
881 2276 958 2325 sed
983 2292 1104 2341 quot
1127 2294 1209 2332 aut
1235 2280 1427 2335 fuerunt
1439 2314 1461 2345 2

195 2346 302 2393 Aut
323 2342 432 2403 sapt
447 2375 463 2401 ‚
489 2346 572 2389 'aut
591 2340 694 2389 aliis
711 2355 850 2389 erunt
867 2344 919 2389 in
943 2345 1110 2402 annis,
1291 2344 1302 2357 '

194 2406 432 2456 Paedica‘te
459 2407 590 2469 cupis
619 2422 749 2455 meos
776 2413 992 2455 amores?

199 2473 305 2520 Nec
325 2470 478 2519 clam:
501 2485 615 2517 nam
635 2467 770 2519 fimul
793 2486 839 2520 es
852 2505 868 2531 ,
901 2472 1074 2536 jocaris
1098 2486 1191 2530 una
1205 2508 1223 2535 ‚

199 2536 361 2581 Haetes
391 2532 452 2581 ad
480 2532 600 2582 latus
615 2566 632 2592 ,
657 2536 827 2584 omnia
847 2538 1087 2603 experitis.

203 2594 418 2647 rtusttaz
447 2610 562 2647 nam
585 2594 770 2649 infidias
793 2598 917 2651 mffihi
937 2600 1247 2659 instruentem
