2044 3457
493 170 585 208 tn.
785 152 1718 205 ALBIITIBULLx·

484 250 721 304 Crudeles
747 252 897 303 Divi!
928 250 1120 317 serpens
1141 264 1295 299 novus
1328 250 1458 298 exuit
1488 264 1668 301 annon

558 322 743 367 Formae
771 334 871 366 non
892 316 1041 367 ullam
1068 314 1168 364 fata
1193 314 1362 363 dedere
1393 330 1602 364 moram.

491 380 615 431 Solis
647 398 821 430 aeterna
849 382 913 429 est
942 381 1126 429 Phoebo
1184 380 1464 445 Bacchoque
1487 384 1686 441 iuventa
1702 397 1718 429 z

524 504 541 511 ἢ
559 450 692 495 Nam
712 446 845 495 decet
875 446 1092 494 intonsus
1173 446 1262 492 'nis
1291 457 1454 492 utrum
1489 459 1546 493 ue
1567 448 1748 495 Deum.

493 512 607 561 Neu
628 526 787 560 comes
808 512 877 559 ite
906 510 1076 575 neges',
1108 511 1330 574 quamvis
1362 508 1444 558 via
1484 524 1612 574 onga
1636 526 1864 576 paretur,

562 580 621 625 Et
647 578 777 625 canis
795 578 949 623 arenti
974 572 1154 624 turreat
1175 576 1296 623 'arva
1318 568 1408 621 liti.
1439 588 1450 605 ¹
1510 568 1532 609 -'

502 642 739 702 Quamvis
767 654 1020 705 praetexens
1051 640 1174 703 pieta
1201 636 1441 703 ferrugine
1458 636 1666 703 cttlum,

553 708 821 754 venturam
858 703 1086 753 admittat
1119 701 1339 753 imbrifer
1366 713 1500 752 arcus
1527 718 1728 768 aquam.

487 767 579 819 Vel
600 767 636 817 fi
651 768 868 818 caeruleas
898 770 1045 833 puppi
1063 766 1196 817 volet
1215 769 1285 815 lte
1307 782 1395 832 per
1421 765 1570 816 undas
1587 801 1604 827 ‚

554 835 657 899 lpse
691 834 847 881 levem
870 848 1005 881 remo
1043 848 1126 897 per
1149 830 1273 880 freta
1359 830 1420 879 lle
1449 846 1622 882 ratem.

488 900 594 947 Nec
622 912 669 947 te
698 899 929 961 peeniteat
962 896 1108 945 duros
1137 897 1260 945 subii
1299 912 1326 943 e
1359 895 1540 946 labores
1556 929 1577 956 ,

552 966 651 1011 Aut
684 979 716 1011 o
748 964 818 1010 eri
851 962 1054 1010 insuetas
1087 956 1326 1009 attexuisse
1357 976 1541 1009 manus.

485 1028 588 1075 Nec
600 1060 617 1086 ,
648 1028 767 1075 veit
794 1024 973 1075 infidiis
993 1026 1111 1074 altas
1143 1022 1176 1073 fi
1191 1023 1408 1075 claudere
1421 1024 1598 1085 valles,

549 1094 683 1139 Dum
702 1090 883 1156 placeas
899 1124 916 1151 ,
946 1091 1136 1139 humeri
1159 1091 1280 1141 retia
1298 1088 1422 1137 ferre
1441 1104 1634 1157 negent.

483 1154 534 1203 si
563 1154 694 1204 volet
720 1169 881 1216 arma,
915 1155 1010 1205 levi
1039 1156 1248 1204 tentabis
1273 1153 1432 1201 ludere
1457 1154 1622 1205 dextra
1639 1171 1656 1203 ε

551 1222 675 1285 Saepe
692 1218 827 1269 dabis
848 1218 1034 1268 nudum
1049 1253 1066 1280 ‚
1100 1222 1262 1268 vincat
1281 1232 1334 1267 ut
1365 1218 1444 1266 ille
1458 1252 1475 1278 ,
1503 1218 1648 1269 latus.

422 1326 427 1331 .
484 1286 623 1333 'runc
649 1286 743 1333 tibi
764 1287 902 1333 mitis
932 1287 1056 1345 erit3
1081 1300 1134 1332 ra
1165 1287 1238 1333 ias
1267 1297 1372 1332 tum
1405 1298 1513 1332 cara
1531 1283 1707 1335 licebit

547 1348 754 1398 osculat
787 1350 1049 1415 pugnabit,
1084 1348 1128 1395 se
1197 1361 1357 1397 tamen
1383 1361 1494 1412 apta
1519 1347 1682 1399 dabit.

485 1416 647 1479 Rapta
674 1413 808 1462 dabit
840 1411 998 1478 primi>
1014 1430 1029 1459 ε
1057 1412 1158 1478 post
1189 1409 1357 1461 offeret
1382 1413 1481 1477 ipse
1506 1412 1698 1463 volenti
1715 1435 1739 1477 5

550 1477 654 1526 Post
680 1480 827 1527 etiam
848 1478 973 1526 collo
998 1478 1044 1523 se
1075 1472 1356 1541 implicuisse
1382 1476 1530 1529 volet.

479 1542 590 1593 Heu
616 1538 739 1589 male
772 1556 897 1591 nunc
926 1556 1048 1589 artes
1077 1542 1269 1590 miseras
1298 1542 1398 1589 haec
1425 1539 1580 1591 secula
1601 1544 1856 1597 itt-affluat!

494 1604 499 1609 “
547 1608 661 1653 Jam
682 1619 822 1655 tener
834 1605 1050 1653 adsuevit
1077 1620 1272 1655 munera
1297 1606 1418 1655 velle
1473 1622 1572 1656 uer.

478 1670 594 1719 Iam
616 1683 701 1730 tu,
733 1672 817 1736 qui
847 1674 1078 1718 Venerem
1101 1670 1302 1719 docuisti
1334 1686 1426 1719 ven
1459 1686 1535 1719 ere
1559 1674 1743 1741 primus
1756 1708 1784 1736 ,

546 1735 774 1800 Quisquis
802 1751 847 1784 es
866 1771 881 1795 ‚
914 1733 1081 1784 infelix
1109 1749 1274 1801 urgeat
1289 1733 1390 1784 ossa
1417 1735 1552 1800 lapis.

479 1799 717 1860 Pieridas,
742 1801 882 1865 'pueri
902 1835 918 1860 ,
952 1799 1115 1850 ἀοᾶοε
1139 1805 1192 1850 ὅ(
1221 1815 1377 1849 arunte
1401 1803 1566 1850 Po'e'tas
1580 1821 1598 1863 ς

545 1869 706 1914 Aurea
720 1867 813 1914 nec'
839 1867 1056 1930 superent
1081 1881 1277 1915 munera
1306 1863 1528 1914 Pieridas.

480 1931 709 1980 Carmine
724 1942 955 1995 purpurea
974 1929 1040 1978 est
1063 1927 1164 1978 Nisi
1186 1945 1354 1980 coma:
1377 1928 1652 1979 carminani
1675 1930 1776 1983 fint
1797 1969 1820 1995 ‚

546 1999 613 2042 Ex
638 1996 840 2043 humero
870 1995 1052 2059 Pelopis
1073 2011 1172 2044 non
1190 1989 1402 2043 nituiffet
1425 1997 1554 2042 ebur.

476 2060 639 2120 Quem
667 2057 868 2105 referent
890 2061 1066 2117 Music,
1096 2063 1258 2119 vivet,
1287 2058 1404 2108 dum
1425 2061 1597 2110 robora
1623 2058 1780 2111 tellus
1793 2097 1818 2124 ,

543 2125 675 2170 Dum
702 2121 877 2169 coelum
904 2121 1050 2170 stellas
1068 2157 1082 2182 ,
1117 2123 1234 2172 dum
1253 2125 1396 2172 vehet
1415 2126 1566 2171 amnis
1595 2137 1776 2188 aquas.

478 2190 548 2238 At
641 2188 657 2233 i
688 2201 785 2234 non
814 2185 950 2234 audit
977 2189 1136 2236 Musas
1152 2220 1169 2247 ,
1207 2191 1291 2254 qui
1312 2188 1477 2238 vendit
1503 2189 1769 2251 amorem,

541 2255 566 2297 Ι
602 2265 678 2298 aeae
705 2263 864 2299 currus
894 2250 973 2299 ille
1004 2253 1224 2318 sequatur
1253 2255 1403 2317 Opis»,

476 2318 539 2365 Et
562 2328 636 2364 ter
663 2329 879 2372 centenas
904 2319 1139 2368 erroribus
1175 2317 1355 2382 expleat
1379 2318 1549 2378 urbes3

540 2383 605 2427 Er
624 2380 745 2438 secet
772 2379 831 2428 ad
862 2382 984 2441 Phry
1019 2381 1474 2432 ios“viiia·membrai
1496 2382 1693 2432 modos.

472 2443 723 2493 Blanditiis
746 2445 853 2494 vult
880 2442 969 2493 effe
1006 2461 1152 2494 ocum
1177 2449 1337 2496 Venus⁴
1358 2449 1458 2512 ipsa
1478 2464 1492 2493 ι
1520 2449 1734 2514 querelis

536 2509 827 2574 Supplicibus
843 2541 859 2569 ‚
890 2510 1074 2558 miseris
1097 2506 1286 2560 fletibus
1313 2511 1394 2561 ill'a
1418 2511 1564 2562 favet.
1763 2568 1772 2572 ⁵

472 2575 587 2628 Haec
612 2577 735 2626 mihi
752 2609 770 2639 ‚
796 2589 901 2644 qua
928 2589 1146 2628 canerem
1171 2577 1309 2629 Titio
1368 2581 1496 2630 Deus
1509 2575 1683 2630 edidit
1709 2597 1810 2631 ore
1832 2602 1884 2696 ·,d

1781 2650 1848 2696 Se
