2044 3457
676 92 738 138 7²·
916 71 1397 125 CATULIA
1459 63 1826 125 LIBER}

677 158 836 211 Multa
855 173 1237 223 paratahmanent
1255 160 1307 207 in
1324 157 1467 225 longa
1484 171 1618 217 aetare
1633 191 1658 218 ,
1681 155 1923 219 catulla·

743 224 810 272 Ex
829 225 923 273 hoc
950 226 1143 290 ingrato
1169 223 1344 289 gaudia
1370 239 1532 273 amore
1558 223 1675 272 tibi.

677 289 805 339 Nam
819 304 1126 401 quaecurprque
1142 289 1359 339 homines
1378 288 1493 338 bene
1519 291 1809 355 quoiquam
1830 303 1912 338 aut
1926 285 2018 335 dicet·

967 370 998 402 o
1041 367 1155 413 unt,

743 369 1014 466 Aut-facgre
1032 449 1047 476 ,
1068 419 1167 467 haec
1185 415 1215 467 ὲ
1234 431 1281 467 te
1300 415 1515 484 difflque
1531 451 1549 478 ‚
1578 413 1820 482 faRaque
1836 416 1952 464 sunt.

677 483 857 532 Omnia
880 497 985 548 quae
1010 485 1206 548 ingratae
1233 485 1472 548 petierunt
1499 479 1685 530 credita
1716 482 1904 530 ruenti.

741 549 900 606 Quare
921 551 1019 612 jam
1039 562 1087 595 te
1104 562 1187 595 cur
1207 544 1407 611 amplius
1426 548 1657 596 excrucies
1678 554 1699 593 ἒ
1989 599 1996 614 ¹

674 608 810 672 Quin
827 625 880 660 tu
891 613 1057 660 animo
1069 607 1272 660 affirmas
1287 644 1304 670 ,
1320 626 1460 677 teque
1477 644 1493 669 ‚
1509 609 1851 678 instru&0que
1866 604 2017 659 redum-¹

743 680 802 724 Et
818 710 834 734 ,
859 678 965 724 Diis
991 678 1159 725 invitis
1174 710 1191 737 ,
1224 673 1389 724 definis
1410 671 1499 724 effe
1524 675 1665 722 miset
1683 682 1705 722 Ξ

620 742 622 745 ’
676 737 884 790 Difficile
900 740 965 788 est
985 740 1184 806 longum
1205 738 1361 788 subitb
1380 739 1613 804 deponere
1634 755 1896 788 amorem.

743 801 947 852 Difficile
967 804 1031 852 est
1044 839 1062 865 ,
1086 801 1251 853 verum
1271 805 1365 853 hoc
1389 804 1615 870 qualubet
1641 801 1858 880 efficigs.

675 870 788 916 Una
810 867 931 916 salus
949 869 1049 917 haec
1068 868 1132 916 est
1146 903 1163 928 ,
1192 868 1286 917 hoc
1315 867 1379 916 est
1406 869 1497 917 tibi
1520 867 1932 933 pervincendum.

671 936 676 943 '
741 935 848 980 Hoc
873 930 1013 981 facies
1030 967 1045 991 ,
1076 930 1167 981 five
1196 932 1247 981 id
1275 948 1374 982 non
1400 947 1511 997 pote
1528 967 1544 992 ‚
1572 929 1666 980 five
1695 947 1848 998 pote.

676 998 725 1046 Ο
744 999 825 1044 Dii
842 1030 859 1056 ‚
882 995 914 1045 fi
934 997 1144 1047 vostrum
1163 997 1227 1045 est
1245 997 1487 1056 misereri,
1509 1011 1593 1045 aut
1607 994 1642 1044 fi
1660 998 1853 1062 quibus
1873 1002 2015 1059 unqssffl

742 1064 960 1110 Extrema
987 1067 1084 1124 jam
1112 1063 1211 1125 ipsa
1236 1063 1288 1110 in
1315 1076 1471 1111 morte
1493 1059 1661 1110 tulistis
1690 1079 1888 1126 opem3

677 1127 762 1174 Me
793 1127 1018 1175 miserum
1046 1125 1307 1190 adspicite3
1339 1130 1389 1175 &
1402 1159 1420 1185 ,
1443 1123 1475 1174 fi
1500 1128 1657 1174 vitam
1676 1129 1877 1191 puriter
1896 1124 1982 1189 egi,

742 1193 919 1255 Eripite
940 1192 1064 1239 hanc
1090 1190 1291 1256 pestem,
1326 1191 1677 1255 perniciemque
1708 1191 1869 1239 mihi.

675 1257 781 1306 Heu
800 1257 923 1304 mihi
944 1257 1190 1320 subrepens
1216 1256 1340 1302 imos
1356 1287 1373 1313 ,
1400 1269 1453 1303 ut
1479 1270 1715 1318 corpore,
1747 1258 1809 1304 in
1838 1266 1979 1308 artus,

741 1320 930 1384 Expulit
957 1337 1013 1368 ex
1045 1321 1181 1368 omni
1206 1319 1389 1384 pedkore
1417 1318 1637 1367 laetitias!

674 1385 791 1433 Non
814 1389 909 1446 jam
934 1383 1055 1432 illud
1078 1395 1239 1450 quaero
1255 1417 1270 1441 ‚
1298 1380 1468 1433 contr&
1492 1397 1544 1431 ut
1571 1399 1648 1432 me
1677 1382 1866 1450 diligat
1896 1379 1984 1436 issa,

741 1452 873 1505 Aut,
903 1447 1036 1512 quod
1062 1463 1159 1496 non
1188 1450 1312 1511 potis
1344 1447 1440 1507 est,
1471 1443 1564 1495 effe
1592 1447 1775 1512 pudica
1807 1446 1939 1498 velit.

673 1511 779 1578 Ipse
799 1511 953 1560 valere
974 1525 1093 1575 opto
1109 1545 1126 1569 ,
1156 1516 1204 1561 &
1224 1527 1399 1561 tetrum
1416 1513 1543 1560 hunc
1560 1510 1809 1576 deponere
1833 1510 2015 1562 morbum

715 1577 790 1623 'O
810 1576 927 1636 Dii,
957 1573 1141 1625 reddite
1168 1573 1237 1626 mi
1262 1577 1354 1626 hoc
1384 1592 1472 1644 pro
1499 1577 1678 1642 pietate
1710 1593 1849 1628 mea.

1230 1850 1495 1899 Lxx1.

1112 1938 1204 2020 11„
1268 1974 1626 2024 Ruruu.

665 2118 669 2123 ’
724 2087 734 2095 '
804 2096 888 2145 Ur
902 2106 929 2143 ιε
946 2125 965 2154 ,
999 2090 1125 2170 inihi
1164 2092 1331 2147 frustra
1359 2129 1377 2157 ,
1424 2112 1479 2147 ac
1518 2093 1846 2166 nequicquam
1871 2087 2016 2146 eredit‘

935 2174 1118 2207 amice:
2034 2175 2036 2191 ¹

740 2222 957 2273 Frustra?
986 2223 1139 2273 imme)
1157 2241 1335 2291 magno
1352 2241 1463 2275 cum
1482 2228 1643 2292 precio
1657 2261 1674 2288 ,
1695 2241 1845 2295 atque
1864 2218 1988 2273 malo·
2037 2219 2038 2230 ³

673 2289 854 2341 Siccine
874 2286 1096 2353 subrepsti
1116 2289 1183 2338 m'i
1196 2324 1212 2349 ‚
1232 2306 1375 2356 atque
1390 2291 1622 2341 ‘intestina
1672 2306 1867 2342 erurens

741 2350 816 2402 Mi
840 2353 1013 2403 misero
1039 2354 1244 2422 eripuisti
1272 2357 1436 2405 omnia
1461 2356 1619 2407 nostra
1668 2374 1762 2407 ona
1778 2364 1798 2404 Ξ

677 2416 929 2480 Ετίριιὶίὶὶέ
955 2418 1049 2468 heu
1074 2419 1167 2468 heu
1195 2419 1361 2469 nostrae
1386 2420 1571 2470 crudele
1599 2435 1840 2485 venenum

741 2484 863 2534 vitae
875 2516 896 2547 ,
921 2483 1016 2538 heu
1032 2485 1131 2539 heu
1144 2485 1311 2539 nostrae
1329 2486 1487 2553 pestus
1505 2489 1730 2541 amicitiae
1745 2493 1762 2537 ξ
1861 2530 2009 2598 mxu
