2044 3457
581 225 640 273 68
819 219 1722 274 cATuLthxznm

477 328 487 336 ·
581 308 732 378 Quod
751 311 844 360 tibi
858 323 963 360 tum
979 309 1087 359 casu
1104 343 1121 368 ,
1148 306 1468 374 pulcherrima
1496 309 1765 360 Laodamia
1778 339 1807 368 ,
1872 313 1884 320 “

648 382 874 442 Ereptum
894 375 958 423 est
979 375 1083 424 vita
1109 373 1290 422 dulcius
1308 407 1323 432 ,
1356 388 1499 440 atque
1518 379 1679 423 anima

579 444 914 507 eonjugium:
943 453 1083 488 tanto
1102 453 1149 488 te
1167 439 1422 487 >absorbens
1442 443 1618 488 vertice
1640 439 1839 488 amoris

648 506 792 556 AEstus
817 508 869 554 in
895 503 1152 568 abruptum
1184 502 1417 552 detulerat
1435 504 1715 553 barathrum
1731 519 1747 549 ε

581 569 736 636 Quale
757 569 914 619 ferunt
941 571 1079 618 Graii
1098 569 1338 615 Pheneum
1356 583 1501 632 prope
1520 568 1835 631 Cyllenaeum

650 638 823 686 siccari
851 633 1031 684 emulsa
1048 635 1221 698 pingue
1252 631 1421 697 palude
1452 631 1639 692 solum3

583 703 730 764 Quod
749 698 996 766 quondam
1013 694 1132 745 caefis
1151 699 1331 745 montis
1352 694 1761 748 fudissemedullis

653 763 812 814 Audet
829 760 1095 827 falfiparens
1114 761 1567 826 Amphitryoniades
1586 782 1601 822 3

586 833 825 896 Tempore
843 844 941 895 quo
959 841 1086 875 certa
1108 829 1158 874 St
1190 824 1402 890 mphalia
1424 827 1631 876 monstra
1652 825 1843 893 sagitta

656 893 857 944 Perculit
873 926 889 951 ‚
919 894 988 940 im
1049 893 1126 939 rio
1175 893 1387 939 eterioris
1402 892 1540 951 heri3

589 959 806 1011 Pluribus
835 971 889 1005 ut
916 971 988 1004 coe
1009 958 1025 1002 i
1049 969 1276 1004 tereretur
1305 959 1447 1020 janua
1475 957 1613 1005 Divis
1631 989 1649 1016 ‚

654 1024 785 1071 Hebe
815 1037 899 1069 nec
927 1021 1071 1084 longa
1102 1021 1379 1084 virginitate
1408 1018 1554 1068 foret.

591 1087 682 1137 sed
699 1102 805 1135 tuus
823 1086 944 1134 altus
965 1099 1101 1132 amor
1120 1084 1348 1132 barathro
1367 1081 1459 1132 fuit
1480 1083 1622 1134 altior
1644 1083 1731 1133 illo
1744 1115 1767 1142 ,

657 1153 755 1214 Qui
780 1165 892 1199 tunc
921 1147 1209 1197 indomitam
1236 1147 1356 1196 ferre
1384 1153 1551 1214 jugum
1581 1149 1767 1198 docuit.

589 1218 720 1267 Nam
739 1231 824 1264 nec
841 1214 980 1264 causa
995 1229 1157 1262 earum
1169 1211 1386 1260 confecto
1403 1226 1541 1262 aetate
1562 1215 1750 1279 parenti

656 1286 766 1330 Una
785 1293 924 1345 caput
944 1278 1034 1326 seri
1052 1291 1196 1342 gnata
1216 1279 1401 1341 nepotis
1428 1277 1515 1326 alit
1534 1297 1549 1338 3

523 1368 528 1373 ¹
587 1349 690 1410 Qui
711 1361 818 1394 cum
839 1344 1029 1409 divitiis
1046 1345 1129 1391 vix
1152 1341 1345 1389 tandem
1367 1344 1586 1392 inventus
1608 1341 1755 1391 avitis

655 1413 849 1460 Nomen
869 1407 1055 1457 testatas
1074 1405 1237 1455 intulit
1258 1409 1311 1454 in
1332 1405 1517 1456 tabulas
1533 1441 1551 1468 ‚

485 1467 492 1474 ¹
589 1477 750 1538 Impia
777 1471 912 1521 derisi
937 1471 1127 1536 gentilis
1155 1469 1329 1536 gaudia
1354 1469 1521 1520 tollens
1536 1505 1556 1532 ,

657 1538 858 1587 suscitat
877 1533 907 1584 ὸ,
933 1551 1054 1583 cano
1075 1534 1338 1584 volturium
1356 1551 1411 1585 ca
1444 1537 1519 1584 iti.

586 1605 696 1651 Nec
724 1598 912 1648 tannim
939 1601 1083 1647 niveo
1110 1601 1271 1663 gavisa
1299 1599 1362 1647 est
1388 1617 1421 1648 u
1437 1599 1482 1649 la
1508 1599 1739 1651 columbo

589 1721 592 1723 Α
660 1669 874 1730 Compar
889 1697 906 1722 ,
930 1679 1035 1728 quae
1054 1661 1213 1710 multo
1236 1663 1413 1712 dicitur
1439 1667 1704 1732 improbius

591 1730 768 1781 Oscula
788 1727 1031 1779 mordenti
1053 1728 1232 1793 semper
1252 1726 1495 1794 decerpere
1517 1731 1697 1790 mstro3

658 1799 946 1861 Quanquam
978 1791 1207 1860 praecipue
1228 1794 1485 1843 multivola
1511 1796 1784 1861 estmulier.

582 1864 612 1911 S
624 1860 683 1911 ed
698 1874 752 1910 tu
769 1860 889 1910 olim
905 1876 984 1908 ma
1017 1874 1105 1908 nos
1118 1858 1269 1909 vicisti
1286 1858 1387 1907 sola
1409 1858 1588 1909 furores
1602 1894 1620 1920 ,

657 1931 726 1975 Ut
743 1925 948 1975 semeles
1003 1940 1099 1973 avo
1118 1922 1373 1973 conciliata
1390 1926 1515 1973 viro.

587 1995 693 2041 Aut
709 1991 863 2049 nihil,
884 2003 967 2037 aut
988 1985 1129 2053 paulo
1150 1991 1226 2036 cui
1246 2002 1351 2036 tum
1364 1987 1618 2038 concedere
1638 1988 1788 2055 digna

657 2058 760 2103 Lux
775 2069 882 2101 mea
898 2086 914 2110 ‚
937 2052 982 2099 se
997 2051 1208 2118 nostrum
1230 2047 1338 2100 cum
1358 2052 1469 2102 tulit
1494 2056 1547 2102 in
1570 2058 1811 2119 gremium
1832 2072 1851 2105 .·.

593 2121 754 2181 Quam
771 2115 1139 2179 circumcursans
1156 2116 1267 2164 hinc
1290 2116 1422 2167 illinc
1440 2118 1556 2183 saepe
1579 2118 1773 2185 Cupido

657 2186 694 2233 Ε
697 2182 884 2247 uigebat
898 2182 1089 2229 crocina
1112 2179 1337 2231 candidus
1360 2185 1411 2229 in
1430 2186 1607 2233 tunica,

591 2252 715 2309 Quae
729 2260 890 2295 tamen
909 2242 990 2293 etsi
1006 2260 1103 2293 uno
1122 2261 1218 2293 non
1236 2245 1299 2293 est
1312 2261 1535 2296 contenta
1548 2246 1747 2297 Catullo
1762 2280 1781 2310 ,

661 2315 792 2360 Rara
820 2307 1093 2360 verecundae
1123 2308 1248 2359 furta
1268 2308 1467 2360 feremus
1494 2313 1655 2373 ᾔει-ες.

592 2377 671 2426 Ne
691 2373 896 2424 nimium
912 2372 1050 2423 fimus
1067 2373 1319 2424 stultorum
1342 2392 1477 2425 more
1504 2377 1687 2426 molesti
1700 2392 1716 2423 ε

637 2442 782 2507 ,Saepe
809 2442 956 2490 etiam
984 2442 1114 2488 Juno
1136 2441 1345 2491 maxima
1370 2440 1663 2491 Coelicohim·

591 2505 830 2571 Coniugis
849 2508 900 2554 in
928 2503 1064 2568 culpa
1088 2500 1309 2571 flagravit
1334 2506 1599 2555 cottidiana
1618 2539 1635 2565 ,

657 2571 866 2619 Noscens
892 2568 1129 2620 omnivoli
1156 2569 1361 2633 plurima
1390 2569 1517 2619 furta
1545 2570 1697 2620 Jovis.
1726 2577 1735 2585 '

591 2636 744 2702 Atqui
770 2650 856 2687 nec
887 2636 1027 2687 Divis
1054 2636 1274 2687 homines
1294 2638 1569 2703 componier
1592 2649 1785 2707 aequum
1801 2636 1931 2693 esta
