2044 3457
448 191 933 247 oATULLI
996 187 1337 241 LIBER.
1509 207 1563 254 33

167 243 300 339 'rissi
315 318 334 346 ,
369 285 420 336 &
440 281 626 333 Suffitio
648 283 746 332 seni
772 281 977 330 ιτεοᾶοι

171 353 388 402 Irascere
415 345 590 398 iteruin
618 349 738 396 meis
766 347 938 394 iambis

173 415 548 466 Immerentibus
562 447 581 473 ,
603 414 742 462 unice
764 415 1048 477 Imperator.

733 657 957 714 ⁴111.

503 791 621 838 An
683 771 1233 839 CAuznruu.

322 922 604 978 RAuus,
638 916 816 968 fifotte
837 933 936 968 non
956 919 1207 970 molestum
1225 916 1321 979 est,

170 924 300 1044 O
321 983 622 1033 Demonstres
637 1017 654 1042 ‚
678 984 758 1046 ubi
781 977 868 1032 lint
889 997 982 1033 tuae
1006 987 1225 1034 tenebrae.

171 1054 246 1098 Te
265 1051 322 1098 in
339 1064 511 1113 campo
529 1046 823 1113 quaefivimus
843 1052 1031 1096 minore

171 1117 246 1163 ’re
267 1117 322 1162 in
342 1117 473 1162 circo
489 1146 506 1172 ,
535 1127 582 1161 te
606 1115 656 1180 in
676 1113 896 1161 omnibus
918 1083 1103 1161 tabefiis
1117 1145 1136 1172 ,

169 1182 244 1226 Te
265 1181 319 1227 in
337 1177 519 1242 templo
539 1177 690 1241 superi
717 1180 742 1224 J
748 1180 852 1226 ovis
873 1176 1058 1226 sacrato
1073 1211 1092 1236 ,

168 1246 230 1290 In
251 1247 338 1291 Ma
371 1246 423 1289 ni
443 1239 580 1288 fimul
599 1240 938 1290 ambulatione.

125 1323 132 1328 ·
170 1309 314 1354 Feme
353 1322 402 1354 as
428 1307 612 1353 omneis
627 1338 644 1363 ,
667 1307 816 1352 amice
832 1338 849 1363 ,
875 1303 1076 1368 prendi,

223 1385 306 1418 uas
328 1367 466 1416 voltu
489 1367 594 1415 vidi
623 1382 784 1416 tamen
812 1369 991 1419 sereno.

169 1375 256 1482 ΞΒ
272 1466 290 1493 ,
321 1431 396 1481 vel
425 1446 473 1480 te
500 1427 561 1479 fic
584 1433 682 1496 ipse
714 1428 990 1498 flagitabam
1006 1450 1020 1479 ε

170 1499 456 1546 Camerium
476 1498 634 1555 mihi,
663 1495 862 1560 peffimae
922 1497 1071 1547 uellae.
1214 1529 1221 1536 -

170 1561 406 1625 Quaedam
417 1596 434 1621 ,
459 1562 616 1625 inquit
631 1594 650 1619 ‚
669 1559 852 1609 nudum
885 1577 1017 1611 mum
1038 1559 1259 1615 reducens
1271 1595 1296 1626 ,

169 1629 244 1676 En
264 1628 345 1676 hic
369 1628 422 1674 in
445 1627 591 1673 roseis
617 1625 732 1673 latet
750 1625 951 1690 papillis.

171 1689 259 1741 Sed
283 1705 331 1741 te
357 1695 456 1756 jam
475 1689 595 1739 ferre
621 1689 839 1739 Herculei
859 1689 990 1741 labos
1006 1691 1103 1754 est,

169 1760 335 1806 Tanto
354 1770 407 1814 te,
421 1758 472 1803 in
499 1753 616 1803 fastu
643 1769 782 1819 negas
797 1788 814 1814 ,
849 1760 1018 1806 amice.

169 1822 267 1868 Dic
289 1821 427 1868 nobis
441 1850 459 1877 ,
490 1818 572 1865 ubi
598 1815 652 1864 fis
677 1817 861 1865 futurus
876 1852 894 1877 ,
917 1819 1033 1879 ede,

172 1882 410 1931 Audacter
429 1884 713 1939 committe,
736 1882 899 1940 crede,
932 1884 1071 1932 Luci.

173 1950 309 1995 Num
329 1959 374 1994 te
397 1943 600 1993 lacteolae
625 1956 787 1993 tenent
814 1944 998 2010 papillae
1015 1955 1035 1995 Ξ

173 2013 222 2059 Si
247 2010 461 2077 linguam
484 2009 643 2057 clauso
668 2023 796 2057 tenes
823 2012 874 2058 in
903 2025 1018 2071 ore,

173 2076 362 2124 Fructus
380 2074 601 2139 proiicies
623 2076 800 2121 amotis
826 2076 1008 2124 omneis
1024 2090 1039 2121 ε

175 2140 382 2189 verbosa
408 2137 582 2203 gaudet
608 2142 764 2185 Venus
792 2137 996 2203 loquela.

175 2202 290 2263 Vel,
317 2201 351 2251 fi
373 2206 443 2252 vis
459 2236 476 2261 ,
503 2202 613 2250 licet
632 2202 814 2250 obseres
834 2202 1079 2266 palatum,

175 2273 305 2318 Dum
327 2267 474 2317 nostri
504 2264 556 2315 fis
583 2267 812 2331 particeps
839 2270 1035 2316 amoris.

176 2336 290 2382 Non
306 2331 456 2381 custos
482 2328 516 2378 fi
541 2328 604 2378 fin
638 2346 690 2379 at
711 2329 788 2378 ille
816 2334 1016 2383 Cretum
1032 2365 1051 2392 ,

177 2399 288 2445 Non
317 2394 348 2443 fi
375 2395 576 2461 Pegaseo
651 2410 727 2443 rar
749 2393 915 2443 volatu
933 2430 952 2455 ,

177 2462 289 2509 Non
309 2458 459 2508 Ladas
482 2456 516 2506 fi
537 2474 626 2524 ego
641 2492 658 2518 ,
679 2460 958 2524 pennipesve
981 2459 1188 2522 Perseus,

179 2525 291 2572 Non
313 2521 454 2571 Rhesi
480 2524 628 2571 niveae
641 2556 660 2582 ,
685 2525 882 2588 citaeque
907 2524 956 2571 bi
991 2538 1058 2570 κε

181 2585 312 2638 Adde
330 2588 424 2638 huc
445 2584 736 2655 plumipedas
747 2619 766 2649 ‚
795 2540 1106 2655 volatilffsque
1116 2618 1157 2648 ,‚
