2044 3457
436 188 761 243 2131:ss
820 190 1242 240 PRIMUS.
1449 206 1536 251 ¹¹7

92 276 251 341 Saepe
277 288 431 325 mero
451 276 677 325 somnum
695 276 852 341 peperi
874 276 967 325 tibi
981 292 995 321 z
1016 288 1068 325 at
1097 276 1194 340 ipse
1213 276 1438 326 bibebam

178 342 377 390 Sobria
398 342 451 389 su
482 339 633 405 polita
655 340 823 405 pocula
841 340 995 389 vietor
1014 356 1043 389 a
1077 356 1156 389 ua.

92 408 241 466 Non
328 422 365 454 ο
388 358 481 453 tel
1404 462 1438 473 ω

177 474 212 518 J
292 483 335 519 it
358 473 533 520 Amor.
570 472 758 522 Contra
780 472 887 535 quis
908 467 1030 521 ferat
1047 485 1182 519 arma
1207 474 1334 520 Deos
1350 480 1369 519 ἒ

92 531 199 581 [lle
223 550 253 581 e
289 551 326 583 ο
348 534 459 583 sum
476 568 494 594 ‚
518 550 607 583 nec
626 550 705 583 me
732 538 831 599 jam
848 530 1005 583 dicere
1022 549 1137 584 vera
1157 534 1387 601 pudebit,

174 603 203 645 1
320 599 409 647 bat
432 614 539 648 tota
561 601 641 647 cui
664 612 747 647 tua
766 599 901 647 ιιοᾶο
926 600 1072 647 canis.

92 666 239 711 Non
261 660 441 711 frustra
459 662 662 729 quidam
677 668 783 743 jam
802 678 929 711 nunc
948 664 1001 711 in
1020 662 1189 711 limine
1210 664 1380 729 perstat

178 726 395 775 Sedulus
410 761 427 787 ‚
454 743 509 776 ac
534 730 703 777 crebro
728 727 991 792 prospicit,
1020 742 1078 776 ac
1102 726 1312 793 refugit;

94 796 175 839 Et
200 789 403 842 fimulat
423 789 612 841 tranfire
633 791 837 841 domum
851 826 867 852 ‚
898 807 1012 841 mox
1033 790 1204 840 deinde
1235 794 1433 843 recurrit

184 855 331 905 Solus
347 889 365 915 ‚
392 859 442 905 &
463 870 573 905 ante
591 858 713 921 ipsas
736 870 921 905 excreat
950 856 1098 922 usque
1125 854 1268 907 fores.

93 922 308 969 Nescio
369 918 456 985 uid
480 919 687 971 furtivus
712 936 849 970 amor
874 935 1009 986 parat
1029 937 1042 967 ε
1069 935 1200 970 utere
1217 956 1234 981 ,
1257 922 1450 987 quaeso‚

182 936 493 1044 numlicet3
517 988 569 1033 in
585 984 769 1050 liquida
785 1000 869 1035 nat
890 986 982 1033 tibi
1003 984 1147 1035 linter
1166 1002 1306 1053 aqua3
1333 1012 1341 1053 2

100 1048 261 1112 Quid
281 1064 451 1099 tenera
470 1051 561 1099 tibi
580 1055 785 1115 coniuge
804 1066 923 1114 opus
936 1083 954 1109 ‚
984 1064 1069 1098 tua
1091 1046 1124 1097 fi
1143 1051 1271 1099 bona
1290 1050 1440 1099 nescit
1517 1048 1532 1057 ⁶

184 1117 394 1163 Servare
409 1122 427 1161 ἓ
444 1116 509 1163 ah
525 1149 543 1173 ,
572 1113 743 1163 frustra
772 1114 920 1163 clavis
949 1112 1066 1161 inest
1088 1112 1291 1164 foribus.

106 1182 193 1227 Te
217 1192 355 1228 tenet
370 1213 387 1237 ,
420 1181 631 1227 absentes
649 1178 769 1228 alios
790 1178 990 1243 suspirat
1016 1194 1203 1229 amores
1217 1213 1238 1239 ,

188 1248 255 1291 Et
274 1241 461 1294 fimulat
480 1240 641 1293 subito
659 1238 952 1293 condoluisse
974 1257 1135 1307 caput.

117 1310 196 1357 At
219 1308 347 1355 mihi
369 1306 644 1357 servandam
662 1306 849 1357 credas:
870 1323 973 1357 non
992 1308 1118 1355 saeva
1139 1308 1302 1357 recuso

195 1373 439 1438 Verbera,
461 1372 668 1422 detresto
692 1388 791 1422 non
820 1388 913 1437 ego
940 1370 1100 1420 'vincla
1125 1371 1317 1436 pedum.
1395 1413 1402 1423 .

121 1440 275 1485 Tunc
295 1435 458 1500 procul
475 1434 631 1487 abfitis
643 1470 661 1497 ,
679 1437 800 1503 quis
826 1439 899 1487 uis
923 1436 1041 1487 colit
1059 1450 1161 1485 arte
1183 1436 1378 1502 capillos
1390 1469 1412 1497 ,

197 1498 362 1549 Effluit
386 1497 533 1550 effuso
556 1504 634 1551 cui
658 1516 773 1567 toga
869 1517 899 1550 a
922 1498 1040 1549 smn.

124 1565 361 1630 Quisquis
383 1568 431 1615 δε
456 1580 671 1615 occurret
683 1600 701 1626 ‚
722 1582 781 1614 ne
798 1564 1138 1631 poffitsrimen
1155 1565 1328 1615 habere
1341 1599 1366 1627 ,

196 1634 296 1680 Stet
320 1630 514 1694 procul,
542 1646 686 1695 atque
704 1630 801 1679 alia
818 1628 903 1679 stet
924 1628 1091 1695 procul
1110 1628 1220 1679 ante
1241 1632 1340 1691 via.

124 1697 206 1744 Sic
229 1692 329 1744 fieri
357 1696 491 1772 jubet
506 1696 609 1759 ‚ipse
627 1698 781 1744 Deus:
804 1691 865 1745 fic
889 1710 1066 1760 magna
1087 1694 1302 1749 sacerdot

196 1759 279 1808 Est
302 1761 426 1808 mihi
452 1759 622 1808 divino
650 1762 915 1810 vaticinata
944 1760 1083 1810 sono.

128 1822 253 1873 Haec
272 1823 353 1888 ubi
374 1822 577 1872 Bellonae
602 1838 741 1873 motu
765 1823 831 1872 est
853 1826 1070 1889 agitata,
1099 1839 1187 1872 nec
1214 1840 1372 1874 acrem

198 1887 465 1938 Flammam
482 1922 498 1948 ‚
526 1904 626 1938 non
641 1903 801 1937 amens
822 1889 1019 1936 verbera
1041 1902 1170 1939 torta
1198 1891 1357 1938 timet.

126 1953 243 2018 Ipsa
268 1953 467 2019 bipenne
488 1953 594 2001 suos
615 1952 754 2001 caedit
775 1951 988 2002 violenta
1015 1951 1248 2012 lacertos,

199 2018 523 2083 Sanguineque
543 2014 692 2066 effuso
710 2015 887 2084 spargit
906 2015 1059 2066 inulta
1072 2021 1248 2067 Deam.

132 2086 326 2148 Statque
346 2081 466 2131 latus
492 2079 684 2148 ptaefixa
708 2097 823 2132 veru
840 2116 855 2141 ,
877 2079 964 2132 stat
986 2082 1142 2130 saucia
1162 2081 1316 2146 peaut
1335 2101 1356 2143 ·,

201 2150 260 2195 Et
279 2147 403 2196 canit
420 2161 617 2196 eventus
632 2180 649 2206 ‚
708 2163 793 2196 uos
813 2149 916 2196 Dea
938 2162 1115 2212 magna
1135 2161 1317 2196 monet.

137 2213 343 2272 Parcite,
364 2228 509 2278 quam
534 2227 561 2260 c
700 2213 740 2259 it
761 2215 943 2270 Amor,
964 2210 1148 2259 violare
1168 2211 1404 2277 puellam,
1495 2245 1508 2260 i

202 2279 273 2324 Ne
292 2277 445 2342 pigeat
467 2291 645 2342 magno
664 2273 768 2340 post
798 2272 1012 2324 didicisti:
1042 2274 1190 2324 malo.
1433 2279 1440 2284 ‘

140 2342 389 2405 Attigetis:
420 2340 637 2390 labentur
665 2356 779 2405 opes
795 2373 813 2400 ,
845 2355 898 2390 ut
924 2340 1118 2390 vulnere
1139 2338 1300 2406 nostro

204 2405 387 2480 Sanguis
402 2438 418 2464 ‚
448 2419 502 2455 ut
525 2406 607 2453 hic
628 2406 785 2454 ventis
806 2404 1125 2470 diripiturque
1146 2406 1284 2454 cinis.

143 2471 203 2515 Et
226 2467 311 2515 tibi
334 2469 487 2518 nescio
508 2484 625 2534 quas
646 2469 768 2519 dixit
784 2502 801 2528 ,
832 2485 941 2518 mea
958 2469 1128 2526 Delia,
1195 2483 1356 2518 oenm

211 2532 255 2578 Si
276 2544 429 2580 tamen
445 2529 669 2582 admittas
685 2567 701 2594 ,
734 2530 789 2584 fit
804 2566 823 2594 ,
888 2548 1020 2594 recor
1033 2566 1050 2592 ,
1078 2529 1162 2580 illa
1198 2533 1316 2580 evis.

144 2595 265 2652 Non
277 2611 361 2665 ego
378 2609 425 2647 te
443 2610 635 2666 propter
653 2613 797 2666 parco
815 2599 855 2650 ti
888 2599 907 2649 i
924 2613 939 2650 z
958 2595 1041 2650 scd
1061 2611 1145 2650 tua
1164 2610 1319 2659 mater

478 402 549 453 aefi
569 404 803 469 prudens:
828 406 1017 471 ignosce
1059 407 1226 455 arenti.
