2044 3457
561 163 628 224 ῃ
803 151 1687 206 cArurrrrrnrm

566 239 665 290 Ubi
686 239 955 302 cymbalam
975 241 1113 290 sonat
1130 255 1227 292 vox
1242 271 1258 299 ,
1288 240 1369 290 ubi
1391 254 1617 304 tympana
1632 241 1859 294 reboant
1870 253 1902 308 ᾗ

567 306 768 355 Tibicen
786 307 866 353 ubi
881 307 1009 354 canit
1028 305 1181 368 Phryx
1200 319 1349 354 curvo
1364 320 1507 370 grave
1522 305 1741 370 calamo,

565 371 664 419 Ubi
684 372 840 434 capita
857 369 1095 420 Maenades
1114 373 1164 418 vi
1190 372 1368 432 iaciunt
1386 368 1672 436 hederigerae
1686 405 1706 433 ,

567 436 666 482 Ubi
689 435 816 483 sacra
837 436 992 484 sanaa
1011 437 1161 484 acutis
1182 433 1435 484 ululatibus
1456 438 1675 500 agitant,

567 500 666 548 ‘Ubi
688 499 838 548 suevit
857 498 939 548 illa
957 502 1095 548 Divae
1114 497 1317 550 volitare
1336 514 1459 564 vaga
1479 500 1651 550 cohors
1668 519 1687 562 3

565 566 682 624 Quo
701 579 788 613 nos
806 563 938 612 decet
963 565 1123 613 citatis
1144 564 1375 612 celebrare
1395 563 1636 628 tripudiis.

565 627 720 677 Simul
735 629 836 677 hac
851 629 1109 677 comitibus
1127 632 1246 690 Atys
1264 629 1436 677 cecinit
1453 627 1606 678 notha
1626 628 1805 682 mulier
1818 662 1849 692 ,

563 694 782 755 'rhyasus
801 707 989 758 tepente
1007 693 1182 758 linguis
1204 692 1548 758 trepidantibus
1570 692 1721 744 ululat
1736 729 1756 754 ,

565 758 698 806 Leve
719 773 997 822 tympanum
1015 759 1223 822 remugit
1234 789 1250 816 ‚
1274 771 1390 807 cava
1406 757 1621 819 cymbala
1636 771 1939 824 recrepant,

567 820 786 870 viridem
801 826 920 870 citus
943 820 1045 870 adit
1063 821 1199 872 Idam
1217 835 1496 886 properante
1542 821 1627 870 ede
1646 823 1851 874 chorus.

565 887 606 938 1·
609 885 844 936 uribunda
862 883 996 936 sunul
1008 919 1027 946 ‚
1048 885 1291 944 anhelans,
1307 901 1431 952 vaga
1444 902 1477 936 v
1545 889 1599 948 ‘t,
1618 889 1775 938 animi
1790 905 1972 956 egens,

565 952 820 1001 Comitata
838 965 1068 1015 tympano
1085 955 1204 1013 Atys
1217 984 1235 1011 ,
1254 966 1337 1016 per
1356 965 1504 1015 opaoe
1524 967 1723 1004 nemora
1738 953 1845 1004 dux
1864 988 1886 1015 ,

569 1015 730 1063 Veluti
755 1021 951 1080 juvenca
967 1017 1123 1064 vitans
1142 1031 1262 1066 onus
1280 1015 1519 1064 indomita
1536 1019 1656 1082 jugi.

569 1078 770 1144 Rapidae
788 1079 957 1128 ducem
979 1080 1235 1144 sequuntur
1248 1079 1396 1130 Gallae
1414 1079 1533 1144 pede
1584 1097 1638 1129 ro
1698 1098 1775 1132 to.
1798 1135 1807 1142 ,

570 1145 737 1208 ltaque
751 1177 768 1204 ,
800 1159 852 1193 ut
873 1143 1077 1201 domum
1091 1143 1306 1207 Cybelles
1326 1147 1523 1210 tetigere
1638 1145 1725 1194 ulae

571 1209 745 1260 Nimio
763 1206 788 1258 ὲ
807 1209 967 1258 labore
983 1243 1000 1268 ‚
1021 1210 1243 1258 somnum
1258 1211 1450 1273 capiunt
1472 1205 1562 1262 fine
1577 1212 1768 1259 Cerere.

567 1274 706 1337 Piger
723 1269 796 1322 his
815 1274 1002 1324 labante
1017 1272 1247 1340 languore
1264 1273 1423 1322 oculos
1446 1273 1587 1338 sopor
1610 1277 1785 1340 operit.

568 1338 690 1388 Abit
711 1340 762 1388 in
783 1341 942 1404 quiete
961 1337 1099 1387 molli
1118 1337 1308 1388 rabidus
1330 1335 1464 1387 furor
1483 1340 1653 1388 animi.

566 1401 759 1451 Sed'ubi
779 1406 875 1452 oris
901 1406 1033 1451 aurei
1054 1401 1123 1451 sol
1148 1402 1441 1452 radiantibus
1466 1402 1615 1452 oculis

567 1465 811 1518 Lustravit
829 1468 1003 1514 aethera
1017 1466 1177 1516 album
1190 1501 1207 1527 ,
1230 1465 1329 1516 sola
1347 1466 1466 1516 dura
1482 1502 1497 1526 ,
1518 1482 1647 1516 mare
1666 1465 1827 1518 ferum
1838 1499 1863 1530 ,

567 1529 843 1595 Pepulitque
863 1532 1010 1578 noais
1032 1531 1221 1580 umbras
1236 1534 1417 1598 vegetis
1435 1531 1735 1597 sonipedibus
1750 1566 1771 1592 ,

569 1593 647 1642 Ibi
665 1594 856 1643 somnus
873 1597 1083 1643 excitum
1101 1599 1231 1658 Atyn
1252 1595 1435 1662 fugiens
1455 1598 1577 1645 citus
1598 1596 1718 1645 abiit
1734 1615 1753 1656 3

569 1657 910 1723 Trepidantem
927 1673 1039 1708 eum
1060 1663 1233 1726 recepit
1258 1665 1361 1708 Dea
1376 1657 1585 1710 Pasithea
1604 1657 1721 1710 finu.

565 1725 643 1773 Ita
662 1722 719 1773 de
739 1726 898 1791 quiete
916 1722 1053 1775 molli
1074 1724 1239 1791 rapida
1259 1722 1351 1775 sine
1368 1726 1526 1785 rabie,

565 1784 715 1839 Sim'ul
732 1790 830 1855 ipse
849 1791 1034 1855 pectore
1053 1796 1171 1854 Atys
1193 1791 1277 1839 sua
1296 1789 1415 1842 fasta
1430 1789 1631 1839 recoluit
1644 1820 1663 1849 ,
1728 1824 1735 1829 ›

565 1852 866 1922 Liquidaque
893 1868 1051 1905 mente
1076 1854 1203 1921 qidit
1224 1852 1317 1904 fine
1338 1856 1469 1920 queis
1485 1888 1501 1914 ‚
1532 1855 1706 1921 ubique
1725 1852 1861 1906 foret
1872 1890 1895 1918 ,

565 1922 750 1968 Animo
775 1920 992 1970 aestuante
1009 1922 1197 1969 rursum
1214 1918 1423 1968 reditum
1441 1919 1503 1968 ad
1524 1917 1648 1968 vada
1669 1921 1859 1971 retulit.

565 1983 643 2032 Ibi
663 1986 817 2031 maria
839 1982 966 2031 vasta
981 1984 1139 2032 visens
1159 1985 1527 2045 lacrymantibus
1548 1982 1725 2041 oculis,

564 2047 777 2095 Patriam
795 2046 1018 2096 adlocuta
1034 2062 1153 2097 voce
1170 2048 1235 2099 est
1253 2052 1321 2097 ita
1342 2048 1531 2097 moestus
1551 2047 1813 2097 miseritus:

566 2112 726 2160 Patria
740 2145 757 2169 ‚
782 2108 815 2160 ὃ
835 2126 941 2159 mea
961 2113 1163 2161 creatrix
1178 2147 1195 2173 ‚
1213 2116 1399 2179 patria,
1424 2111 1459 2161 ὂ
1478 2129 1585 2161 mea
1606 2116 1819 2178 genetrix
1832 2146 1855 2173 ,

567 2177 672 2241 Ego
690 2191 835 2241 quam
851 2210 866 2235 ‚
892 2177 1033 2225 miser
1048 2210 1065 2236 ,
1089 2177 1351 2245 relinquens
1366 2212 1383 2238 ,
1406 2176 1629 2227 dominos
1652 2191 1704 2226 ut
1720 2177 1957 2246 herifugae

565 2239 753 2289 ramuli
774 2240 923 2290 solent
939 2274 954 2299 ,
977 2240 1037 2290 ad
1060 2240 1155 2291 1d2
1176 2242 1311 2291 tetuli
1329 2258 1527 2291 nemora
1550 2240 1751 2307 pedem3

567 2307 639 2352 ‘Ut
660 2303 784 2369 apud
798 2339 814 2364 ,
845 2306 986 2355 miser
999 2339 1016 2365 ,
1044 2303 1250 2356 ferarum
1272 2306 1429 2373 gelida
1448 2307 1627 2355 stabula
1646 2305 1799 2356 forem
1812 2338 1835 2366 ,

567 2370 628 2419 Et
648 2384 811 2419 earum
831 2373 998 2421 omnia
1013 2370 1198 2420 adirem
1217 2370 1472 2421 furibunda
1489 2370 1702 2421 latibula.

568 2435 806 2496 Ubinam,
830 2450 913 2487 aut
932 2438 1103 2503 quibus
1124 2436 1238 2486 locis
1258 2451 1306 2486 te
1325 2434 1524 2501 pofitam
1541 2471 1557 2496 ,
1596 2436 1751 2501 patria
1764 2469 1783 2497 ,
1806 2448 1951 2492 reate

565 2500 647 2546 Cu
679 2502 751 2549 iti
787 2502 834 2551 sa
851 2502 1025 2568 pupula
1040 2500 1101 2551 ad
1120 2518 1165 2552 te
1184 2500 1270 2551 fibi
1284 2501 1485 2567 dirigere
1501 2503 1685 2560 aciem,

675 2566 721 2615 ie
764 2582 842 2618 era
861 2580 1018 2619 careus
1040 2567 1158 2620 dum
1178 2569 1319 2619 breve
1341 2578 1525 2632 tempus
1548 2568 1733 2617 animus
1752 2564 1829 2615 cst.
