2044 3457
487 135 573 183 me
772 127 1599 189 Αιιιιτιιυιῂῆ

550 220 785 269 Cantibus
802 254 819 279 ,
848 232 933 269 aut
953 219 1112 268 herbis
1135 217 1314 275 solyere
1337 213 1464 283 poffe
1485 234 1660 272 meos.

484 289 543 337 Et
564 301 639 333 me
659 284 870 333 lustravit
898 282 1032 333 taedis
1049 317 1065 343 ,
1099 286 1148 333 δι
1174 284 1310 331 12er
1335 284 1496 331 serena
1691 331 1699 340 ,,

550 349 780 399 Concidit
800 348 860 397 ad
880 351 1091 412 magicos
1119 346 1272 397 hostia
1297 346 1422 411 pulla
1443 352 1602 395 Deos.
1619 380 1630 391 .

486 415 601 463 Non
620 430 710 479 ego
723 447 739 472 ,
764 428 893 463 totus
914 410 1088 461 abeffet
1105 428 1241 461 amor
1256 444 1274 470 ,
1303 411 1385 459 sed
1403 426 1610 464 mutuus
1642 406 1790 459 eset
1801 443 1826 469 ,

550 480 795 539 Orabam3
825 493 911 549 uec
938 492 984 525 te
1008 472 1139 541 poffe
1171 492 1328 525 carere
1351 475 1515 525 velim.

414 620 428 633 0
490 600 1893 635 Ἣ

490 640 1886 659 Μ

865 698 1512 795 Ειεαιῳὶιι,

561 860 674 906 Βιτ
692 873 709 903 ι
727 871 749 903 s
780 856 940 921 AEgeas
963 852 1167 903 fine-me
1184 848 1427 913 ‚'Meffala
1442 888 1458 912 ‚
1487 869 1578 919 per.
1607 854 1784 905 undas
1799 891 1818 917 ,

490 860 549 983 I
614 924 659 969 O
686 922 871 967 utinam
888 935 1124 967 memores
1141 919 1237 983 ipse
1251 952 1268 977 ,
1295 919 1562 983 cohorsque
1581 924 1696 969 mei
1717 922 1734 967 Ξ

492 988 577 1037 Me
600 998 729 1033 tenet
754 987 934 1049 ignotis
962 1000 1140 1051 aegtum
1161 984 1371 1031 Phaeacia
1393 986 1556 1033 terris:

558 1048 801 1098 Abstineas
821 1047 1017 1106 avidas,
1047 1064 1188 1105 mors,
1202 1046 1445 1106 violenta,
1475 1063 1680 1097 manus·

494 1114 739 1164 Abstineas
750 1148 767 1173 ,
790 1129 919 1162 mors
940 1126 1046 1161 atra
1059 1146 1074 1170 ‚
1101 1126 1282 1177 precor.
1319 1114 1432 1160 Non
1450 1110 1532 1167 hic,
1545 1115 1688 1161 mihi
1709 1130 1891 1171 mater,

558 1183 677 1241 Quae
700 1177 837 1245 legat‘
851 1180 903 1227 in
928 1176 1116 1225 moestos
1139 1172 1238 1225 offa
1260 1175 1440 1239 perusta
1463 1173 1582 1225 finus
1601 1194 1618 1223 ε
1709 1176 1718 1181 “

494 1246 609 1295 Non
631 1244 763 1291 soror
778 1277 794 1303 ,
818 1236 1028 1305 Assyrios
1050 1242 1196 1289 cineri
1221 1256 1324 1305 quae
1356 1238 1497 1289 dedat
1529 1240 1720 1291 odores
1735 1277 1760 1303 ,

560 1312 618 1356 Et
642 1302 751 1355 fleat
769 1302 918 1355 effiffis
944 1320 1053 1355 ante
1082 1302 1288 1369 sepulcra
1314 1306 1492 1353 comis:

494 1372 637 1423 Delia
656 1387 756 1421 non
776 1370 1006 1435 usquam}
1036 1384 1140 1435 quae
1166 1385 1242 1415 me
1271 1367 1380 1417 cum
1403 1370 1618 1419 mitteret
1654 1372 1815 1431 urbe,

528 1438 537 1447 ‘
560 1439 754 1483 Dicitur
778 1433 885 1482 ahte
911 1449 1075 1483 omnes
1098 1428 1376 1483 consuluisse
1396 1438 1537 1483 Deos.

492 1498 586 1551 1112
612 1502 759 1547 sacras
782 1500 915 1563 pueri
935 1498 1080 1545 sortes
1099 1512 1170 1545 ter
1199 1496 1376 1547 sustulit
1399 1514 1412 1543 z
1437 1496 1510 1558 issi
1563 1546 1570 1555 ,

562 1561 772 1611 Rettulit
800 1560 824 1611 ὲ
858 1562 1015 1609 triviis
1047 1564 1212 1610 omina
1240 1577 1367 1611 certa
1431 1577 1528 1610 uer.

499 1628 684 1679 cuuth
698 1624 875 1675 dabant
894 1624 1070 1673 reditus
1091 1642 1102 1670 ε
1127 1640 1287 1674 tamen
1300 1625 1364 1675 est
1409 1626 1872 1697 eterrita'nunquam,

565 1694 697 1754 Quin
718 1685 850 1739 fleret
867 1723 882 1748 ‚
909 1688 1086 1739 nostras
1105 1690 1442 1756 respiceretque
1464 1694 1583 1741 vias.

498 1758 602 1824 Ipse
622 1773 711 1824 ego
737 1755 913 1805 solator
925 1790 943 1815 ,
967 1753 1078 1803 cum
1101 1759 1199 1820 jam
1219 1755 1443 1814 mandata
1470 1753 1706 1808 dediffiem
1719 1793 1742 1820 ,

564 1821 845 1884 Quaerebam
863 1819 1020 1870 tardas
1044 1823 1208 1868 anxius
1229 1821 1372 1888 usque
1392 1837 1568 1870 motas.

501 1893 601 1938 Aut
626 1904 716 1952 ego
742 1887 846 1935 sum
865 1881 1095 1936 cauisatus
1124 1900 1233 1934 aves
1249 1918 1266 1942 ,
1288 1899 1370 1932 aut
1392 1887 1556 1933 omina
1578 1883 1720 1946 dira,

565 1953 752 1999 Saturni
771 1965 852 2000 aut
875 1949 1054 1998 sacram
1074 1965 1149 1998 me
1169 1944 1364 1998 tenuisse
1383 1947 1528 1998 diem.
1587 1954 1595 1967 ¹

500 2019 549 2064 Ο
575 2017 762 2080 quoties
787 2011 1011 2078 ingressus
1042 2017 1162 2072 iter,
1188 2011 1312 2060 mihi
1335 2013 1483 2062 tristia
1507 2012 1609 2062 dixi

566 2075 813 2126 Offensum
833 2081 883 2126 in
904 2094 1042 2144 porta
1067 2076 1099 2125 si
1134 2092 1193 2125 na
1220 2073 1395 2126 dedisse
1416 2075 1610 2142 pedem!
1667 2111 1676 2116 -
1725 2129 1732 2140 ,

500 2141 689 2196 Audeat
708 2145 865 2192 invito
884 2159 943 2192 ne
968 2146 1074 2208 quis
1099 2095 1334 2190 discedere
1361 2159 1556 2201 amore5

568 2211 667 2256 Aut
690 2207 805 2256 sciat
829 2205 1060 2274 egressum
1082 2207 1126 2255 se
1156 2206 1437 2271 prohibente
1465 2211 1587 2254 Deo.

496 2270 633 2334 Quid
653 2286 734 2321 tua
755 2288 878 2320 nunc
900 2269 975 2319 Ifis
997 2272 1120 2318 mihi
1135 2305 1150 2328 ,
1181 2269 1349 2319 Delia?
1378 2269 1494 2335 quid
1515 2270 1633 2318 mihi
1647 2275 1850 2336 prosunt

569 2335 657 2383 Illa
676 2350 759 2385 tua
780 2341 919 2385 toties
942 2351 1034 2384 aera
1053 2334 1231 2399 repulsa
1257 2343 1436 2384 manu?

504 2399 726 2463 Quidve,
754 2399 831 2469 pie
856 2400 973 2450 dum
1003 2401 1131 2448 sacra
1157 2397 1274 2446 colis
1289 2433 1306 2458 ,
1373 2395 1545 2462 ureque
1572 2397 1721 2449 lavari

572 2467 643 2513 Te
664 2467 893 2526 memini,
925 2469 975 2514 ὅ(
1032 2481 1120 2513 uro
1140 2463 1329 2512 recubui
1368 2481 1394 2510 e
1421 2471 1563 2511 toro?

504 2530 645 2598 Nape
656 2562 676 2593 ,
694 2533 795 2582 Dea
805 2565 824 2594 ‚
841 2545 965 2582 nunc
1001 2545 1192 2582 uccutre
1204 2529 1328 2582 mihi
1343 2544 1357 2576 ε
1379 2543 1492 2582 nam
1509 2521 1636 2594 porse
1647 2527 1830 2582 mederi
