2044 3457
460 157 1348 255 cAruzzxzanm
1455 193 1588 261 ’ῃ

183 293 370 360 Egone
387 287 417 342 ἑ
434 307 540 340 mea
560 303 742 340 remota
762 289 862 336 haec
889 285 1012 337 ferar
1032 291 1084 338 in
1107 305 1306 338 nemora
1320 290 1470 340 domo
1482 324 1501 350 ,

184 359 395 418 Patria,
419 358 556 406 bonis
571 390 589 416 ,
620 356 815 414 amicss,
873 355 1136 404 enitotibus
1153 355 1330 404 abero?

189 424 368 472 Abero
387 420 497 472 foro
511 456 527 481 ,
551 419 757 486 palaestra
771 451 789 478 ,
818 369 969 467 fgdio
986 453 1003 479 ‚
1036 425 1086 469 ὃ(
1113 418 1394 486 gymnafiis?

188 489 356 540 :Miser
368 521 385 548 ,
408 488 472 536 ah
491 487 634 535 miser
649 519 668 546 ,
695 481 990 550 querendum
1012 485 1076 534 est
1093 488 1240 534 etiam
1258 499 1400 552 atque
1419 484 1586 547 etiam,

336 567 513 602 anime.
756 573 761 578 ·
1371 564 1378 570 ·

186 615 349 680 Quod
364 618 497 665 enim
510 605 657 682 genus
672 647 689 675 ,
704 611 739 662 fi
771 629 857 668 ura
874 611 938 664 est
951 650 970 677 ,
988 618 1082 682 ego‘
1096 627 1194 664 non
1209 613 1338 680 quod
1352 615 1556 664 obierim
1567 625 1588 663 ἒ

190 685 305 746 Ego
330 683 482 748 puber
496 716 513 741 ,
536 697 625 748 ego
648 679 742 730 ado
760 682 914 732 escens
930 715 947 741 ‚
972 697 1064 746 ego
1085 681 1290 746 ephebus
1305 714 1322 740 ,
1344 697 1434 748 ego
1455 696 1588 748 puer,

193 749 308 811 Ego
326 743 555 812 gymna'fii
575 745 645 794 fui
668 742 757 793 flos
772 759 801 806 ,·
814 764 907 816 ego
924 761 1057 796 eram
1075 745 1214 794 decus
1233 745 1328 794 oiei
1346 765 1362 805 ς

191 811 335 860 Mihi
356 815 509 876 januae
527 809 792 876 frequentes
809 847 828 872 ,
858 813 983 861 mihi
1000 810 1171 860 limina
1198 810 1358 875 tepida
1373 842 1389 871 ‚

189 876 334 926 Mihi
360 872 545 924 floridis
572 874 763 924 corollis
789 877 1015 926 redimita
1035 875 1206 924 domus
1227 890 1330 925 erat
1343 909 1360 935 ,

189 939 543 1006 linquendum
562 941 645 989 ubi
667 935 781 988 effer
806 957 919 992 orto
946 942 1072 989 mihi
1103 939 1199 988 sole
1217 939 1510 990 cubiculum.

191 1005 364 1070 Egone
386 1005 541 1054 Deu‘im
559 1003 804 1067 ministra,
835 1011 883 1056 &
906 1004 1106 1069 cybeles
1128 1003 1308 1053 famula
1334 1003 1494 1054 ferat!

192 1071 303 1134 Ego
323 1073 503 1119 Maenas
522 1103 539 1130 ,
566 1087 656 1136 ego
678 1073 774 1118 mei
796 1087 901 1137 pars
918 1103 935 1130 ,
966 1087 1058 1136 ego
1085 1070 1162 1118 vir
1182 1068 1348 1118 sterilis
1371 1086 1456 1118 ero
1471 1077 1490 1116 Ξ

192 1135 303 1199 Ego
330 1134 502 1184 viridis
526 1133 684 1200 algida
710 1134 807 1184 Idae
829 1138 1044 1184 neamica
1070 1132 1176 1182 loca
1202 1133 1392 1182 colam?

192 1199 303 1263 Ego
327 1202 482 1248 vitam
507 1215 647 1264 agam
666 1198 751 1248 sub
770 1199 877 1250 altis
900 1200 1116 1264 Phrygiae
1139 1197 1490 1246 columinibus?

196 1265 315 1310 Jam
336 1260 436 1327 jam
456 1264 587 1312 dolet
604 1298 621 1323 ,
688 1263 787 1312 uod
811 1267 918 1330 egi,
950 1269 1054 1326 iam
1083 1267 1274 1328 jamque
1294 1264 1514 1328 poenitet.

196 1328 375 1374 Roseis
404 1341 457 1374 ut
494 1328 606 1375 huic
634 1327 679 1376 la
712 1327 812 1376 eliis
839 1328 997 1393 palatis
1028 1329 1210 1375 sonitus
1241 1328 1392 1385 abiit,

198 1391 282 1438 Ibi
308 1391 464 1454 juncia
492 1395 605 1458 juga
633 1391 867 1442 resolvens
885 1390 1064 1454 Cybele
1081 1391 1296 1438 leonibus
1311 1423 1328 1449 ,
1462 1451 1468 1455 η

200 1457 435 1504 Geminas
456 1471 625 1504 eorum
654 1455 714 1505 ad
742 1459 895 1505 aureis
916 1471 1046 1506 nova
1071 1457 1246 1502 nuncia
1275 1453 1509 1513 referem,

200 1521 495 1585 Laevumque
511 1523 694 1585 pecoris
722 1521 907 1570 hostem
926 1519 1168 1569 stimulans
1187 1551 1203 1577 ,
1239 1520 1310 1567 ita
1339 1519 1554 1584 loquitur
1569 1533 1587 1566 ε

198 1583 451 1648 Agedum,
475 1587 526 1632 in
562 1587 633 1633 uit
647 1619 663 1644 ,
689 1600 775 1652 age
792 1585 925 1634 ferox
940 1620 955 1644 ,
974 1583 1050 1633 fac
1065 1618 1081 1643 ,
1109 1585 1222 1631 hinc
1241 1597 1304 1632 ut·
1315 1583 1554 1633 furoribus
1565 1616 1586 1644 ‚

198 1649 295 1698 Fac
320 1662 371 1697 ut
397 1649 511 1697 hinc
564 1653 715 1698 uroris
732 1651 827 1698 iau
849 1649 1056 1698 reditum
1078 1651 1129 1696 in
1148 1663 1346 1697 nemora
1365 1648 1486 1697 ferat
1499 1681 1518 1707 ‚

194 1715 344 1773 Mea,
366 1712 489 1768 libet
507 1714 571 1763 ah
590 1715 761 1775 nimis,
784 1717 867 1781 qui
890 1713 1062 1781 fugere-
1077 1715 1276 1778 imperia
1301 1715 1450 1779 eupit.

198 1780 336 1843 Age,
358 1778 481 1827 caede
502 1792 636 1844 terga
662 1779 811 1828 cauda
828 1814 845 1839 ,
877 1794 961 1828 tua
985 1780 1180 1829 verbera
1201 1793 1385 1843 patere:

197 1842 321 1891 Face
341 1844 506 1891 cunaa
522 1846 760 1907 mugienti
776 1842 972 1892 fremitu
994 1842 1103 1891 loca
1129 1857 1377 1892 retenentz

194 1904 424 1955 Rutilam
450 1904 585 1954 ferox
601 1908 762 1956 torosa
788 1909 969 1957 cervice
985 1921 1128 1974 quate
1160 1908 1340 1970 jubam.

200 1972 295 2018 Ait
311 1970 410 2019 haee
434 1974 596 2019 minax
620 1970 843 2034 Cybelle,
874 1971 1133 2037 religatque
1153 1975 1264 2036 §uga
1287 1986 1448 2021 manu.

201 2034 353 2087 Ferus,
363 2034 461 2100 ipse
482 2036 585 2083 sese'
597 2034 853 2085 adhortans
887 2036 1106 2102 rapidum
1131 2039 1301 2085 incitat
1327 2040 1577 2100 animum3

200 2098 349 2148 'Vadit
364 2132 383 2158 ‚
410 2098 574 2147 fremit
588 2134 606 2159 ,
628 2100 845 2167 refringit
858 2101 1068 2167 virgulta
1087 2099 1205 2165 pede
1231 2116 1373 2166 vage.

200 2164 273 2212 At
298 2164 377 2211 ubi
412 2164 591 2215 ultima.
608 2165 855 2215 albicantis
880 2166 988 2215 loca
1014 2160 1168 2215 litoris
1197 2164 1351 2226 adiit,

200 2230 527 2295 Tener-amque
548 2228 677 2279 vidit
699 2235 830 2293 Atyn
860 2247 1003 2297 prope
1032 2246 1274 2279 marmora
1300 2228 1454 2296 peiagi
1466 2264 1483 2290 ‚

200 2293 331 2341 Facit
352 2296 615 2358 impetum3
636 2294 716 2343 ille
739 2294 927 2344 demens
947 2296 1075 2361 fugit
1093 2298 1144 2343 in
1163 2310 1359 2344 nemora
1380 2295 1510 2345 ferax

200 2356 279 2405 Ibi
298 2358 476 2423 semper
502 2374 643 2407 omne
671 2362 785 2409 vitae
808 2361 837 2407 s
887 2364 1011 2409 tium
1038 2358 1216 2409 famula
1247 2359 1358 2409 fuit.

204 2422 305 2477 Dea
327 2438 405 2471 ma
438 2437 526 2483 na,
555 2428 658 2472 Dea
682 2427 725 2472 C
760 2424 832 2473 bel
850 2440 876 2472 e
890 2460 907 2484 ,
930 2430 1034 2475 Dea
1053 2424 1250 2474 domina
1274 2422 1540 2486 Dindymi,

204 2486 367 2535 Procul
451 2503 557 2537 mea
576 2502 683 2537 tuus
720 2505 757 2538 it
784 2488 919 2540 furor
946 2492 1133 2548 omnis,
1165 2490 1278 2537 hera
1299 2523 1314 2549 ‚
1341 2488 1508 2538 domo.

208 2547 337 2600 Alios
364 2565 449 2619 age
479 2554 700 2604 incitatos
715 2587 733 2615 ,
768 2554 887 2605 alios
905 2570 991 2622 age
1009 2553 1218 2605 rabidos.
